@inproceedings{miee_2013,
  author = {Петухов, Д. С.},
  title = {Моделирование популяционной динамики красных кровяных телец и ее нарушения в случае гипохромных анемий},
  booktitle = {20-я Всероссийская конференция <<Микроэлектроника и информатика>>},
  year = {2013},
  pages = {284},
  language = {russian},
}

@inproceedings{miee_2014,
  author = {Петухов, Д. С.},
  title = {Разработка математической модели сердечно-сосудистой системы для изучения изменений в гемодинамике при поддержке аппарата вспомогательного кровообращения},
  booktitle = {21-я Всероссийская конференция <<Микроэлектроника и информатика>>},
  year = {2014},
  pages = {227},
  language = {russian},
}

@inproceedings{tkmf_2014,
  author = {Петухов, Д. С.},
  title = {Моделирование эффекта гистерезиса в расходных характеристиках имплантируемого осевого насоса крови},
  booktitle = {6-я Троицкая конференция <<Медицинская физика и инновации в медицине>>},
  year = {2014},
  pages = {530-531},
  language = {russian},
}

@inproceedings{freme_2014,
  author = {Петухов, Д. С.},
  title = {Анализ изменений в гемодинамике для случая механической поддержки кровообращения обоих желудочков сердца},
  booktitle = {11-я международная конференция <<Физика и радиоэлектроника в медицине и экологии>>},
  year = {2014},
  pages = {213-214},
  language = {russian},
}

@inproceedings{rgc_2014,
  author = {Petukhov, D. S.},
  title = {Simulation of hemodynamic changes associated with the right ventricular failure in the presence of a left ventricular assist device},
  booktitle = {X Russian-German Conference on Biomedical Engineering},
  year = {2014},
  pages = {122-123},
  language = {english},
}

@inproceedings{medtech_2014,
  author = {Петухов, Д. С. and Селищев, С. В. and Телышев, Д. В.},
  title = {Критерии неинвазивной оценки расхода имплантируемого осевого насоса крови},
  booktitle = {16-я научно-техническая конференция <<МедТех>>},
  year = {2014},
  pages = {162-163},
  language = {russian},
}

@inproceedings{miee_2015,
  author = {Петухов, Д. С.},
  title = {Определение основных требований к системе управления аппаратом вспомогательного кровообращения левого желудочка сердца},
  booktitle = {22-я Всероссийская конференция <<Микроэлектроника и информатика>>},
  year = {2015},
  pages = {325},
  language = {russian},
}

@inproceedings{asaio_2015,
  author = {Petukhov, D. S. and Telyshev, D. V.},
  title = {Control strategy for an implantable rotary blood pump based on identification of pumping states},
  booktitle = {61st ASAIO Annual Conference},
  year = {2015},
  pages = {4},
  language = {english},
}

@inproceedings{rgc_2015,
  author = {Petukhov, D. S. and Telyshev, D. V.},
  title = {A method for identification of pumping states of an implantable rotary blood pump},
  booktitle = {XI German-Russian Conference on Biomedical Engineering},
  year = {2015},
  pages = {159-161},
  language = {english},
}

@inproceedings{embc_2015_1,
  author = {Petukhov, D. S. and Telyshev, D. V.},
  title = {Design concept of patient-adaptive control method for a ventricular assist device},
  booktitle = {37th Annual International Conference of the IEEE Engineering in Medicine and Biology Society},
  year = {2015},
  language = {english},
  pages={116},
}

@inproceedings{embc_2015_2,
  author = {Petukhov, D. S. and Telyshev, D. V.},
  title = {Comparative study of influence of two rotary blood pumps on the cardiovascular system},
  booktitle = {37th Annual International Conference of the IEEE Engineering in Medicine and Biology Society},
  year = {2015},
  language = {english},
  pages={115},
}

@inproceedings{esao_2015,
  author = {Petukhov, D. S. and Telyshev, D. V.},
  title = {Investigation of control objectives for the heart failure treatment using the control strategy of a rotary blood pump},
  booktitle = {42th ESAO conference},
  year = {2015},
  pages = {403},
  language = {english},
}

@inproceedings{miee_2016,
  author = {Петухов, Д. С.},
  title = {Концепция метода управления роторным насосом крови путем определения режимов работы насоса на основе результатов in vitro испытаний АВК <<Спутник>>},
  booktitle = {23-я Всероссийская конференция <<Микроэлектроника и информатика>>},
  year = {2016},
  pages = {272},
  language = {russian},
}

@inproceedings{asaio_2016,
  author = {Petukhov, D. S. and Telyshev, D. V. and Selishchev, S. V.},
  title = {A method for identification of pumping states in an implantable rotary blood pump: experimental validation for the LVAD Sputnik},
  booktitle = {62nd ASAIO Annual Conference},
  year = {2016},
  pages = {10},
  language = {english},
}

@inproceedings{rgc_2016,
  author = {Petukhov, D. S.},
  title = {Development of a cardiovascular system model for investigation of biventricular circulatory support},
  booktitle = {XII Russian-German Conference on Biomedical Engineering},
  year = {2016},
  pages = {200-204},
  language = {english},
}

@inproceedings{isrbp_2016,
  author = {Petukhov, D. S. and Telyshev, D. V.},
  title = {An approach to the evaluation and control of a rotary blood pump using in vitro experimental results for two generations of LVAD Sputnik},
  booktitle = {24th Congress of the International Society for Rotary Blood Pumps},
  year = {2016},
  pages = {70},
  language = {english},
}

@inproceedings{esao_2017,
  author = {Petukhov, D. S.},
  title = {Quantitative assessment of heart-pump interaction for an axial-flow rotary blood pump Sputnik: in vitro study},
  booktitle = {44th ESAO and 7th IFAO Congress},
  year = {2017},
  pages = {454},
  language = {english},
}

@inproceedings{physbio_2017,
  author = {Petukhov, D. S.},
  title = {A control algorithm of flow balance for a biventricular assist device},
  booktitle = {2nd International Symposium <<Physics, Engineering and Technologies for Biomedicine>>},
  year = {2017},
  pages = {341-342},
  language = {english},
}

