@ARTICLE{mt4_2014,
  author = {Петухов, Д. С. and Селищев, С. В.},
  title = {Оценка изменений в работе правого желудочка сердца при наличии аппарата вспомогательного кровообращения левого желудочка сердца},
  journal = {Медицинская техника},
  year = {2014},
  number = {4},
  pages = {28-32},
  language = {russian},
}

@ARTICLE{mt6_2014,
  author = {Петухов, Д. С. and Селищев, С. В. and Телышев, Д. В.},
  title = {Развитие аппаратов вспомогательного кровообращения левого желудочка сердца как наиболее эффективный способ лечения острой сердечной недостаточности},
  journal = {Медицинская техника},
  year = {2014},
  number = {4},
  pages = {37-39},
  language = {russian},
}

@ARTICLE{mt6_2014_main,
author = {Петухов, Д. С. and Телышев, Д. В.},
title = {Моделирование изменений в динамике течения крови через имплантируемый осевой насос},
journal = {Медицинская техника},
year = {2014},
number = {6},
pages = {44-47},
language = {russian},
}

@ARTICLE{mt4_2015,
  author = {Петухов, Д. С. and Селищев, С. В. and Телышев, Д. В.},
  title = {Полностью искусственное сердце: современное состояние},
  journal = {Медицинская техника},
  year = {2015},
  number = {4},
  pages = {1-4},
  language = {russian},
}

@ARTICLE{mt5_2015,
  author = {Петухов, Д. С. and Селищев, С. В. and Телышев, Д. В.},
  title = {Перспективы развития технологий полной замены функции сердца с помощью механических систем поддержки кровообращения},
  journal = {Медицинская техника},
  year = {2015},
  number = {5},
  pages = {5-8},
  language = {russian},
}

@ARTICLE{mt6_2015,
  author = {Петухов, Д. С. and Телышев, Д. В.},
  title = {Исследование чувствительности роторного насоса крови <<Спутник>> к преднагрузке и постнагрузке},
  journal = {Медицинская техника},
  year = {2015},
  number = {6},
  pages = {27-30},
  language = {russian},
}

@ARTICLE{stm_2016,
  author = {Петухов, Д. С. and Телышев, Д. В. and Селищев, С. В.},
  title = {Метод управления роторным насосом крови для системы вспомогательного кровообращения левого желудочка сердца},
  journal = {Современные технологии в медицине},
  year = {2016},
  volume = {8},
  number = {1},
  pages = {28-33},
  language = {russian},
}

@ARTICLE{mt3_2016,
  author = {Петухов, Д. С. and Телышев, Д. В.},
  title = {Алгоритмы управления роторными аппаратами вспомогательного кровообращения},
  journal = {Медицинская техника},
  year = {2016},
  number = {3},
  pages = {8-11},
  language = {russian},
}

@ARTICLE{mt4_2016,
  author = {Петухов, Д. С. and Телышев, Д. В.},
  title = {Математическая модель сердечно-сосудистой системы педиатрических пациентов с врожденными пороками сердца},
  journal = {Медицинская техника},
  year = {2016},
  number = {4},
  pages = {9-11},
  language = {russian},
}

@ARTICLE{mt6_2016,
  author = {Петухов, Д. С.},
  title = {Моделирование и управление расходно-напорными характеристиками имплантируемого насоса крови АВК-Н <<Спутник>>},
  journal = {Медицинская техника},
  year = {2016},
  number = {6},
  pages = {52-55},
  language = {russian},
}

@ARTICLE{mt1_2017,
  author = {Петухов, Д. С. and Телышев, Д. В.},
  title = {Исследование роторного насоса для поддержки кровообращения правого желудочка сердца при механической поддержке кровообращения обоих желудочков сердца},
  journal = {Медицинская техника},
  year = {2017},
  number = {1},
  pages = {24-26},
  language = {russian},
}