
@article{Kato_2013,
title = "Serial Echocardiography Using Tissue Doppler and Speckle Tracking Imaging to Monitor Right Ventricular Failure Before and After Left Ventricular Assist Device Surgery ",
journal = "JACC: Heart Failure ",
volume = "1",
number = "3",
pages = "216-222",
year = "2013",
issn = "2213-1779",
doi = "http://dx.doi.org/10.1016/j.jchf.2013.02.005",
author = "Tomoko Sugiyama Kato and Jeffrey Jiang and Paul Christian Schulze and Ulrich Jorde and Nir Uriel and Shuichi Kitada and Hiroo Takayama and Yoshifumi Naka and Donna Mancini and Linda Gillam and Shunichi Homma and Maryjane Farr",
}

@article{Grant_2012,
title = "Independent and Incremental Role of Quantitative Right Ventricular Evaluation for the Prediction of Right Ventricular Failure After Left Ventricular Assist Device Implantation ",
journal = "Journal of the American College of Cardiology ",
volume = "60",
number = "6",
pages = "521-528",
year = "2012",
issn = "0735-1097",
doi = "http://dx.doi.org/10.1016/j.jacc.2012.02.073",
author = "Andrew D.M. Grant and Nicholas G. Smedira and Randall C. Starling and Thomas H. Marwick",
}

@article{Matthews_2008,
title = "The Right Ventricular Failure Risk Score: A Pre-Operative Tool for Assessing the Risk of Right Ventricular Failure in Left Ventricular Assist Device Candidates ",
journal = "Journal of the American College of Cardiology ",
volume = "51",
number = "22",
pages = "2163-2172",
year = "2008",
issn = "0735-1097",
doi = "http://dx.doi.org/10.1016/j.jacc.2008.03.009",
author = "Jennifer Cowger Matthews and Todd M. Koelling and Francis D. Pagani and Keith D. Aaronson"
}

@article{Ochiai_2002,
author = {Ochiai, Yoshie and McCarthy, Patrick M. and Smedira, Nicholas G. and Banbury, Michael K. and Navia, Jose L. and Feng, Jingyuan and Hsu, Amy P. and Yeager, Michael L. and Buda, Tiffany and Hoercher, Katherine J. and Howard, Michael W. and Takagaki, Masami and Doi, Kazuyoshi and Fukamachi, Kiyotaka}, 
title = {Predictors of Severe Right Ventricular Failure After Implantable Left Ventricular Assist Device Insertion: Analysis of 245 Patients},
volume = {106}, 
number = {12 suppl 1}, 
pages = {198-202}, 
year = {2002}, 
doi = {10.1161/01.cir.0000032906.33237.1c}, 
journal = {Circulation},
}

@article{Kormos_2010,
title = "Right ventricular failure in patients with the HeartMate II continuous-flow left ventricular assist device: Incidence, risk factors, and effect on outcomes ",
journal = "The Journal of Thoracic and Cardiovascular Surgery ",
volume = "139",
number = "5",
pages = "1316-1324",
year = "2010",
issn = "0022-5223",
doi = "http://dx.doi.org/10.1016/j.jtcvs.2009.11.020",
author = "Robert L. Kormos and Jeffrey J. Teuteberg and Francis D. Pagani and Stuart D. Russell and Ranjit John and Leslie W. Miller and Todd Massey and Carmelo A. Milano and Nader Moazami and Kartik S. Sundareswaran and David J. Farrar"
}

@article {Cox_2009,
author = {Cox, Lieke G.E. and Loerakker, Sandra and Rutten, Marcel C.M. and De Mol, Bas A.J.M. and Van De Vosse, Frans N.},
title = {A Mathematical Model to Evaluate Control Strategies for Mechanical Circulatory Support},
journal = {Artificial Organs},
volume = {33},
number = {8},
publisher = {Blackwell Publishing Inc},
issn = {1525-1594},
doi = {10.1111/j.1525-1594.2009.00755.x},
pages = {593-603},
keywords = {Control strategy, Hemodynamics, Mathematical model, Mechanical circulatory support},
year = {2009},
language = {english},
}

@article {Martina_2013_simulation,
author = {Martina, Jerson R. and Bovendeerd, Peter H.M. and de Jonge, Nicolaas and de Mol, Bas A.J.M. and Lahpor, Jaap R. and Rutten, Marcel C.M.},
title = {Simulation of Changes in Myocardial Tissue Properties During Left Ventricular Assistance With a Rotary Blood Pump},
journal = {Artificial Organs},
volume = {37},
number = {6},
publisher = {Blackwell Publishing Inc},
issn = {1525-1594},
doi = {10.1111/j.1525-1594.2012.01548.x},
pages = {531-540},
year = {2013},
language = {english},
}

@article{Kokalari_2013,
title={Review on lumped parameter method for modeling the blood flow in systemic arteries},
author={Kokalari, Isidor and Karaja, Theodhor and Guerrisi, Maria},
journal={Journal of Biomedical Science \& Engineering},
volume={6},
number={1},
year={2013},
language={english},
}

@article{Arts_1991,
title = "Relation between left ventricular cavity pressure and volume and systolic fiber stress and strain in the wall",
journal = "Biophysical Journal ",
volume = "59",
number = "1",
pages = "93-102",
year = "1991",
issn = "0006-3495",
doi = "http://dx.doi.org/10.1016/S0006-3495(91)82201-9",
author = "T. Arts and P.H. Bovendeerd and F.W. Prinzen and R.S. Reneman",
language="english",
}

@article{Bovendeerd_2006,
year={2006},
journal={Annals of Biomedical Engineering},
volume={34},
number={12},
doi={10.1007/s10439-006-9189-2},
title={Dependence of Intramyocardial Pressure and Coronary Flow on Ventricular Loading and Contractility: A Model Study},
publisher={Kluwer Academic Publishers-Plenum Publishers},
keywords={Ventricular mechanics; Radial wall stress; Empty beating heart; Lumped parameter model; Intramyocardial pump},
author={Bovendeerd, Peter H.M. and Borsje, Petra and Arts, Theo and Vosse, Frans N.},
pages={1833-1845},
language={english},
}

@article{Martina_2013_aortic_valve,
author = {Martina, Jerson R. and Schipper, Marguerite E.I. and de Jonge, Nicolaas and Ramjankhan, Faiz and de Weger, Roel A. and Lahpor, Jaap R. and Vink, Aryan}, 
title = {Analysis of aortic valve commissural fusion after support with continuous-flow left ventricular assist device},
volume = {17}, 
number = {4}, 
pages = {616-624}, 
year = {2013}, 
doi = {10.1093/icvts/ivt263}, 
journal = {Interactive CardioVascular and Thoracic Surgery},
}

@article{Griffith_2001,
title = "HeartMate II left ventricular assist system: from concept to first clinical use ",
journal = "The Annals of Thoracic Surgery",
volume = "71",
number = "3",
pages = "116-120",
year = "2001",
issn = "0003-4975",
doi = "http://dx.doi.org/10.1016/S0003-4975(00)02639-4",
author = "Bartley P Griffith and Robert L Kormos and Harvey S Borovetz and Kenneth Litwak and James F Antaki and Victor L Poirier and Kenneth C Butler"
}

@article{Pennings_2013,
title={Pump Flow Estimation From Pressure Head and Power Uptake for the HeartAssist5, HeartMate II, and HeartWare VADs},
author={Pennings, Kim AMA and Martina, Jerson R and Rodermans, Ben FM and Lahpor, Jaap R and van de Vosse, Frans N and de Mol, Bas AJM and Rutten, Marcel CM},
journal={ASAIO Journal},
volume={59},
number={4},
pages={420-426},
year={2013},
publisher={LWW},
language={english},
}

@article {Pirbodaghi_2017,
author = {Pirbodaghi, Tohid},
title = {Mathematical Modeling of Rotary Blood Pumps in a Pulsatile In Vitro Flow Environment},
journal = {Artificial Organs},
volume = {41},
number = {8},
issn = {1525-1594},
doi = {10.1111/aor.12860},
pages = {710-716},
keywords = {Rotary blood pumps, In-vitro study, Dynamic identification},
year = {2017},
}

@article {Pirbodaghi_2011,
author = {Pirbodaghi, Tohid and Weber, Alberto and Carrel, Thierry and Vandenberghe, Stijn},
title = {Effect of Pulsatility on the Mathematical Modeling of Rotary Blood Pumps},
journal = {Artificial Organs},
volume = {35},
number = {8},
publisher = {Blackwell Publishing Inc},
issn = {1525-1594},
doi = {10.1111/j.1525-1594.2011.01276.x},
pages = {825-832},
keywords = {Rotary blood pumps, Pulsatility, Mathematical modeling, In vivo study},
year = {2011},
language={english},
}

@article{Moscato_2009,
title={Dynamic modeling and identification of an axial flow ventricular assist device.},
author={Moscato, Francesco and Danieli, Guido A and Schima, Heinrich},
journal={The International Journal of Artificial Organs},
volume={32},
number={6},
pages={336-343},
year={2009},
language={english},
}

@article{Stanfield_2013,
title={In Vitro Pulsatility Analysis of Axial-Flow and Centrifugal-Flow Left Ventricular Assist Devices},
author={Stanfield, J Ryan and Selzman, Craig H},
journal={Journal of Biomechanical Engineering},
volume={135},
number={3},
pages={505-510},
year={2013},
publisher={American Society of Mechanical Engineers}
}

@article {Vollkron_2002,
author = {Vollkron, Michael and Schima, Heinrich and Huber, Leopold and Wieselthaler, Georg},
title = {Interaction of the Cardiovascular System with an Implanted Rotary Assist Device: Simulation Study with a Refined Computer Model},
journal = {Artificial Organs},
volume = {26},
number = {4},
publisher = {Blackwell Science Inc},
issn = {1525-1594},
doi = {10.1046/j.1525-1594.2002.06870.x},
pages = {349-359},
keywords = {Assist device, Computer model, Pressure-volume loop, Rotary pump, Ventricle-device interaction},
year = {2002},
language={english}
}

@article {Thorsten_1996,
author = {Siess, Thorsten and Meyns, Bart and Spielvogel, Klaus and Reul, Helmut and Rau, GÃ¼nter and Flameng, Willem},
title = {Hemodynamic System Analysis of Intraarterial Microaxial Pumps In Vitro and In Vivo},
journal = {Artificial Organs},
volume = {20},
number = {5},
publisher = {Blackwell Publishing Ltd},
issn = {1525-1594},
doi = {10.1111/j.1525-1594.1996.tb04497.x},
pages = {650-661},
year = {1996},
language={english},
}

@article{Mekkaoui_2003,
title = "Pressure-flow loops and instantaneous input impedance in the thoracic aorta: Another way to assess the effect of aortic bypass graft implantation on myocardial, brain, and subdiaphragmatic perfusion ",
journal = "The Journal of Thoracic and Cardiovascular Surgery ",
volume = "125",
number = "3",
pages = "699-710",
year = "2003",
issn = "0022-5223",
doi = "http://dx.doi.org/10.1067/mtc.2003.104",
author = "Choukri Mekkaoui and Pierre H. Rolland and Alain Friggi and Monique Rasigni and Thierry G. Mesana"
}

@article{Controller_review,
author={Abdul-Hakeem H AlOmari and Andrey V Savkin and Michael Stevens and David G Mason and Daniel L Timms and Robert F Salamonsen and Nigel H Lovell},
title={Developments in control systems for rotary left ventricular assist devices for heart failure patients: a review},
journal={Physiological Measurement},
volume={34},
number={1},
pages={1-27},
year={2013},
}

@article{bozkurt2015physiologic,
title={Physiologic outcome of varying speed rotary blood pump support algorithms: a review study},
author={Bozkurt, Selim},
journal={Australasian Physical \& Engineering Sciences in Medicine},
pages={1-16},
year={2015},
publisher={Springer}
}

@article{Stanfield_2012,
year={2012},
issn={1869-408X},
journal={Cardiovascular Engineering and Technology},
volume={3},
number={4},
doi={10.1007/s13239-012-0110-x},
title={Pressure Sensitivity of Axial-Flow and Centrifugal-Flow Left Ventricular Assist Devices},
publisher={Springer},
keywords={Left ventricular assist device; Mechanical circulatory support; Rotary blood pump; Pressure sensitivity},
author={Stanfield, J.Ryan and Selzman, CraigH.},
pages={413-423},
language={english},
}

@article {Malagutti_2007,
author = {Malagutti, NicolÃ² and Karantonis, Dean M. and Cloherty, Shaun L. and Ayre, Peter J. and Mason, David G. and Salamonsen, Robert F. and Lovell, Nigel H.},
title = {Noninvasive Average Flow Estimation for an Implantable Rotary Blood Pump: A New Algorithm Incorporating the Role of Blood Viscosity},
journal = {Artificial Organs},
volume = {31},
number = {1},
publisher = {Blackwell Publishing Inc},
issn = {1525-1594},
doi = {10.1111/j.1525-1594.2007.00339.x},
pages = {45-52},
keywords = {Implantable rotary blood pump, Noninvasive flow estimation, Control strategy, Left ventricular assist device, Hematocrit, Rotary blood pump},
year = {2007},
language={english},
}

@article{Cordtz_2013,
author = {Cordtz, Joakim and Nilsson, Jens C. and Hansen, Peter B. and Sander, Kaare and Olesen, Peter S. and Boesgaard, SÃ¸ren and Gustafsson, Finn}, 
title = {Right ventricular failure after implantation of a continuous-flow left ventricular assist device: early haemodynamic predictors},
volume = {45}, 
number = {5}, 
pages = {847-853}, 
year = {2014}, 
doi = {10.1093/ejcts/ezt519}, 
journal = {European Journal of Cardio-Thoracic Surgery},
}

@article{Atluri_2013,
title = "Predicting Right Ventricular Failure in the Modern, Continuous Flow Left Ventricular Assist Device Era ",
journal = "The Annals of Thoracic Surgery ",
volume = "96",
number = "3",
pages = "857-864",
year = "2013",
issn = "0003-4975",
doi = "http://dx.doi.org/10.1016/j.athoracsur.2013.03.099",
author = "Pavan Atluri and Andrew B. Goldstone and Alex S. Fairman and John W. MacArthur and Yasuhiro Shudo and Jeffrey E. Cohen and Alexandra L. Acker and William Hiesinger and Jessica L. Howard and Michael A. Acker and Y. Joseph Woo"
}

@article{larose2010design,
title={Design concepts and principle of operation of the HeartWare ventricular assist system},
author={LaRose, Jeffrey A and Tamez, Daniel and Ashenuga, Michael and Reyes, Carlos},
journal={ASAIO Journal},
volume={56},
number={4},
pages={285-289},
year={2010},
publisher={LWW}
}

@article{Carrel01012013,
author = {Carrel, Thierry and Englberger, Lars and Kadner, Alexander and Mohacsi, Paul}, 
title = {Implantation of the continuous flow HeartWare left ventricular assist device},
year = {2013}, 
doi = {10.1093/mmcts/mmt010}, 
journal = {Multimedia Manual of Cardio-Thoracic Surgery},
}






@article{HeartMate_II_Sheikh,
author = {Sheikh, Farooq H and Russell, Stuart D},
title = {HeartMate II continuous-flow left ventricular assist system},
journal = {Expert Review of Medical Devices},
volume = {8},
number = {1},
pages = {11-21},
year = {2011},
doi = {10.1586/erd.10.77},
}

@article{Loforte20091357,
title = "Long-Term Mechanical Support With the HeartMate II LVAS",
journal = "Transplantation Proceedings ",
volume = "41",
number = "4",
pages = "1357-1359",
year = "2009",
issn = "0041-1345",
doi = "http://dx.doi.org/10.1016/j.transproceed.2009.03.020",
author = "A. Loforte and A. Montalto and F. Ranocchi and G. Casali and G. Luzi and P.L. Della Monica and F. Sbaraglia and V. Polizzi and G. Distefano and F. Musumeci"
}

@article{farrar2007design,
title={Design features, developmental status, and experimental results with the Heartmate III centrifugal left ventricular assist system with a magnetically levitated rotor},
author={Farrar, David J and Bourque, Kevin and Dague, Charles P and Cotter, Christopher J and Poirier, Victor L},
journal={ASAIO journal},
volume={53},
number={3},
pages={310-315},
year={2007},
publisher={LWW}
}

@article{Schmid20051188,
title = "First Clinical Experience With the Incor Left Ventricular Assist Device ",
journal = "The Journal of Heart and Lung Transplantation ",
volume = "24",
number = "9",
pages = "1188-1194",
year = "2005",
issn = "1053-2498",
doi = "http://dx.doi.org/10.1016/j.healun.2004.08.024",
author = "Christof Schmid and Tonny D.T. Tjan and Christian Etz and Christoph Schmidt and Frauke Wenzelburger and Markus Wilhelm and Markus Rothenburger and Gabi Drees and Hans H. Scheld",
}

@article{Hetzer01062004,
author = {Hetzer, Roland and Weng, Yuguo and Potapov, Evgenij V. and Pasic, Miralem and Drews, Thorsten and Jurmann, Michael and Hennig, Ewald and MÃ¼ller, Johannes}, 
title = {First experiences with a novel magnetically suspended axial flow left ventricular assist device},
volume = {25}, 
number = {6}, 
pages = {964-970}, 
year = {2004}, 
doi = {10.1016/j.ejcts.2004.02.038}, 
journal = {European Journal of Cardio-Thoracic Surgery},
}

@article{Nakashima2009199,
title = "Off-pump Replacement of the Incor Implantable Axial-flow Pump ",
journal = "The Journal of Heart and Lung Transplantation ",
volume = "28",
number = "2",
pages = "199-201",
year = "2009",
issn = "1053-2498",
doi = "http://dx.doi.org/10.1016/j.healun.2008.11.904",
author = "Kuniki Nakashima and Matthias E.W. Kirsch and Emmanuelle Vermes and Odile Rosanval and Daniel Loisance",
}

@article{Morshuis01062009,
author = {Morshuis, Michiel and El-Banayosy, Aly and Arusoglu, Latif and Koerfer, Reiner and Hetzer, Roland and Wieselthaler, Georg and Pavie, Alain and Nojiri, Chisato}, 
title = {European experience of DuraHeart magnetically levitated centrifugal left ventricular assist system},
volume = {35}, 
number = {6}, 
pages = {1020-1028}, 
year = {2009}, 
doi = {10.1016/j.ejcts.2008.12.033}, 
journal = {European Journal of Cardio-Thoracic Surgery},
}

@article{Frazier2001S125,
title = "Research and development of an implantable, axial-flow left ventricular assist device: the Jarvik 2000 Heart ",
journal = "The Annals of Thoracic Surgery ",
volume = "71",
number = "3",
pages = "125-132",
year = "2001",
issn = "0003-4975",
doi = "http://dx.doi.org/10.1016/S0003-4975(00)02614-X",
author = "O.H Frazier and Timothy J Myers and Robert K Jarvik and Stephen Westaby and David W Pigott and Igor D Gregoric and Tehreen Khan and Daniel W Tamez and Jeff L Conger and Michael P Macris",
}

@article{Westaby13101998,
author = {Westaby, Stephen and Katsumata, Takahiro and Houel, Remi and Evans, Rhys and Pigott, David and Frazier, O. H. and Jarvik, Robert}, 
title = {Jarvik 2000 Heart: Potential for Bridge to Myocyte Recovery},
volume = {98}, 
number = {15}, 
pages = {1568-1574}, 
year = {1998}, 
doi = {10.1161/01.CIR.98.15.1568}, 
journal = {Circulation},
}

@article {DuraHeart,
author = {Yoshitake, Isamu and El-Banayosy, Aly and Yoda, Masataka and Hata, Mitsumasa and Sezai, Akira and Niino, Tetsuya and Wakui, Shinji and Koerfer, Reiner and Minami, Kazutomo},
title = {First Clinical Application of the DuraHeart Centrifugal Ventricular Assist Device for a Japanese Patient},
journal = {Artificial Organs},
volume = {33},
number = {9},
publisher = {Blackwell Publishing Inc},
issn = {1525-1594},
doi = {10.1111/j.1525-1594.2009.00902.x},
pages = {763-766},
keywords = {DuraHeart, Heart failure, Left ventricular assist device, Rotary blood pump, Thoratec},
year = {2009},
}

@article{noon2010current,
title={Current status of the MicroMed DeBakey Noon ventricular assist device},
author={Noon, George P and Loebe, Matthias},
journal={Texas Heart Institute Journal},
volume={37},
number={6},
pages={652},
year={2010},
publisher={Texas Heart Institute}
}

@article{Moazami20131,
title = "Axial and centrifugal continuous-flow rotary pumps: A translation from pump mechanics to clinical practice ",
journal = "The Journal of Heart and Lung Transplantation ",
volume = "32",
number = "1",
pages = "1-11",
year = "2013",
issn = "1053-2498",
doi = "http://dx.doi.org/10.1016/j.healun.2012.10.001",
author = "Nader Moazami and Kiyotaka Fukamachi and Mariko Kobayashi and Nicholas G. Smedira and Katherine J. Hoercher and Alex Massiello and Sangjin Lee and David J. Horvath and Randall C. Starling",
keywords = "\{LVAD\}",
keywords = "continuous flow",
keywords = "axial flow",
keywords = "centrifugal flow",
keywords = "rotary pumps",
keywords = "pump mechanics",
keywords = "head curves "
}

@article {Gaddum2012,
author = {Gaddum, Nicholas Richard and Fraser, John F. and Timms, Daniel Lee},
title = {Increasing the Transmitted Flow Pulse in a Rotary Left Ventricular Assist Device},
journal = {Artificial Organs},
volume = {36},
number = {10},
publisher = {Blackwell Publishing Inc},
issn = {1525-1594},
doi = {10.1111/j.1525-1594.2012.01485.x},
pages = {859-867},
keywords = {Rotary pump design, Left ventricular assist device control, Performance gradient, Transmitted flow pulse, Flow pulsatility, Mixed flow},
year = {2012},
}

@article{stanfield2012flow,
title={Flow Characteristics of Continuous-Flow Left Ventricular Assist Devices in a Novel Open-Loop System},
author={Stanfield, J Ryan and Selzman, Craig H and Pardyjak, Eric R and Bamberg, Stacy},
journal={ASAIO Journal},
volume={58},
number={6},
pages={590-596},
year={2012},
publisher={LWW}
}

@article{smith2004collected,
title={Collected nondimensional performance of rotary dynamic blood pumps},
author={Smith, WA and Allaire, P and Antaki, J and Butler, KC and Kerkhoffs, W and Kink, T and Loree, H and Reul, H},
journal={ASAIO journal},
volume={50},
number={1},
pages={25--32},
year={2004},
publisher={LWW}
}

@article{backflow,
author = {Estep, Jerry D. and Chang, Su Min and Bhimaraj, Arvind and Torre-Amione, Guillermo and Zoghbi, William A. and Nagueh, Sherif F.}, 
title = {Imaging for Ventricular Function and Myocardial Recovery on Nonpulsatile Ventricular Assist Devices},
volume = {125}, 
number = {18}, 
pages = {2265-2277}, 
year = {2012}, 
doi = {10.1161/CIRCULATIONAHA.111.040238}, 
journal = {Circulation},
}

@article {Karantonis_2006,
author = {Karantonis, Dean M. and Lovell, Nigel H. and Ayre, Peter J. and Mason, David G. and Cloherty, Shaun L.},
title = {Identification and Classification of Physiologically Significant Pumping States in an Implantable Rotary Blood Pump},
journal = {Artificial Organs},
volume = {30},
number = {9},
publisher = {Blackwell Publishing Inc},
issn = {1525-1594},
doi = {10.1111/j.1525-1594.2006.00283.x},
pages = {671-679},
keywords = {Implantable rotary blood pump, Pumping states, Control strategy, Left ventricular assist device},
year = {2006},
language={english},
}

@article {Arndt_2008,
author = {Arndt, Andreas and NÃ¼sser, Peter and Graichen, Kurt and MÃ¼ller, Johannes and Lampe, Bernhard},
title = {Physiological Control of a Rotary Blood Pump With Selectable Therapeutic Options: Control of Pulsatility Gradient},
journal = {Artificial Organs},
volume = {32},
number = {10},
publisher = {Blackwell Publishing Inc},
issn = {1525-1594},
doi = {10.1111/j.1525-1594.2008.00628.x},
pages = {761-771},
keywords = {Rotary blood pump, Left ventricular assist device, Pulsatility, System identification, Robust control},
year = {2008},
language={english},
}

@article {Granegger_2014,
author = {Granegger, Marcus and Schima, Heinrich and Zimpfer, Daniel and Moscato, Francesco},
title = {Assessment of Aortic Valve Opening During Rotary Blood Pump Support Using Pump Signals},
journal = {Artificial Organs},
volume = {38},
number = {4},
issn = {1525-1594},
doi = {10.1111/aor.12167},
pages = {290-297},
keywords = {Aortic valve, Mechanical circulatory support, Left ventricular assist device, Heart failure.},
year = {2014},
}

@INPROCEEDINGS{Ochsner_2013, 
author={Ochsner, G. and Amacher, R. and Daners, M.S.}, 
booktitle={2013 European Control Conference (ECC)}, 
title={Emulation of ventricular suction in a hybrid mock circulation}, 
year={2013}, 
month={July}, 
pages={3108-3112}, 
}

@INPROCEEDINGS{4352467, 
author={Karantonis, D.M. and Cloherty, S.L. and Mason, D.G. and Ayre, P.J. and Lovell, N.H.}, 
booktitle={29th Annual International Conference of the IEEE Engineering in Medicine and Biology Society}, 
title={Noninvasive Pulsatile Flow Estimation for an Implantable Rotary Blood Pump}, 
year={2007}, 
month={Aug}, 
pages={1018-1021}, 
doi={10.1109/IEMBS.2007.4352467}, 
ISSN={1557-170X},}

@INPROCEEDINGS{1470568, 
author={Yih-Choung Yu and Wecrakoon, P.}, 
booktitle={American Control Conference, 2005}, 
title={Minimally invasive estimation of cardiac function for patients with rotary VAD support}, 
year={2005}, 
month={June}, 
pages={3812-3816}, 
volume={6},
doi={10.1109/ACC.2005.1470568}, 
ISSN={0743-1619},}

@article{shi2011review,
title={Review of zero-D and 1-D models of blood flow in the cardiovascular system},
author={Shi, Yubing and Lawford, Patricia and Hose, Rodney and others},
journal={Biomed. Eng. Online},
volume={10},
number={1},
pages={33},
year={2011},
language={english},
}

@article{Koerfer18092014,
author = {Koerfer, Reiner and Spiliopoulos, Sotirios and Finocchiaro, Thomas and Guersoy, Dilek and Tenderich, 
Gero and Steinseifer, Ulrich}, 
title = {Paving the way for destination therapy of end-stage biventricular heart failure: the ReinHeart total artificial heart concept},
volume = {46}, 
number = {6}, 
pages = {935-936}, 
year = {2014}, 
doi = {10.1093/ejcts/ezu317}, 
journal = {European Journal of Cardio-Thoracic Surgery}, 
}

@article{mallidi2014state,
title={State of the Art of Mechanical Circulatory Support},
author={Mallidi, Hari R and Anand, Jatin and Cohn, William E},
journal={Texas Heart Institute Journal},
volume={41},
number={2},
pages={115-120},
year={2014},
publisher={Texas Heart{\textregistered} Institute, Houston},
}

@article{Pelletier18092014,
author = {Pelletier, Benedikt and Spiliopoulos, Sotirios and Finocchiaro, Thomas and Graef, Felix and Kuipers, Kristin and Laumen, Marco and Guersoy, Dilek and Steinseifer, Ulrich and Koerfer, Reiner and Tenderich, Gero}, 
title = {System overview of the fully implantable destination therapyâReinHeart-total artificial heart},
volume = {47}, 
number = {1}, 
pages = {80-86}, 
year = {2015}, 
doi = {10.1093/ejcts/ezu321}, 
journal = {European Journal of Cardio-Thoracic Surgery},
}

@article{McGeeJr2011e1,
title = "Biventricular Continuous Flow VADs Demonstrate Diurnal Flow Variation and Lead to End-Organ Recovery ",
journal = "The Annals of Thoracic Surgery ",
volume = "92",
number = "1",
pages = "1-3",
year = "2011",
issn = "0003-4975",
doi = "http://dx.doi.org/10.1016/j.athoracsur.2011.02.081",
author = "Edwin C. McGee and Umraan Ahmad and Daniel Tamez and Michael Brown and Neil Voskoboynikov and Sukit Chris Malaisrie and Richard Lee and Patrick M. McCarthy"
}

@article{Frazier2010687,
title = "Optimization of axial-pump pressure sensitivity for a continuous-flow total artificial heart ",
journal = "The Journal of Heart and Lung Transplantation ",
volume = "29",
number = "6",
pages = "687-691",
year = "2010",
issn = "1053-2498",
doi = "http://dx.doi.org/10.1016/j.healun.2009.12.017",
author = "O.H. Frazier and Hassan A. Khalil and Robert J. Benkowski and William E. Cohn",
}

@article{Kirklin2014555,
title = "Sixth INTERMACS annual report: A 10,000-patient database ",
journal = "The Journal of Heart and Lung Transplantation ",
volume = "33",
number = "6",
pages = "555-564",
year = "2014",
issn = "1053-2498",
doi = "http://dx.doi.org/10.1016/j.healun.2014.04.010",
author = "James K. Kirklin and David C. Naftel and Francis D. Pagani and Robert L. Kormos and Lynne W. Stevenson and Elizabeth D. Blume and Marissa A. Miller and J. Timothy Baldwin and James B. Young",
}

@article{Yoshioka16092014,
author = {Yoshioka, Daisuke and Toda, Koichi and Yoshikawa, Yasushi and Sawa, Yoshiki}, 
title = {Over 1200-day support with dual Jarvik 2000 biventricular assist device},
year = {2014}, 
doi = {10.1093/icvts/ivu312}, 
journal = {Interactive CardioVascular and Thoracic Surgery},
}

@article{Slepian2013266,
title = "The Syncardia total artificial heart: in vivo, in vitro, and computational modeling studies ",
journal = "Journal of Biomechanics ",
volume = "46",
number = "2",
pages = "266-275",
year = "2013",
issn = "0021-9290",
doi = "http://dx.doi.org/10.1016/j.jbiomech.2012.11.032",
author = "Marvin J. Slepian and Yared Alemu and JoÃ£o Silva Soares and Richard G. Smith and Shmuel Einav and Danny Bluestein",
}

@article{hassinger2012total,
title={Total artificial heart freedom driver in a patient with end-stage biventricular heart failure},
author={Kristin Friedline and Pamela Hassinger},
journal={AANA journal},
volume={80},
number={2},
pages={105-112},
year={2012}
}

@article{creaser2014outcomes,
title={Outcomes of Biventricular Mechanical Support Patients Discharged to Home to Await Heart Transplantation.},
author={Creaser, Julie W and Rourke, Darlene and Vandenbogaart, Elizabeth and Chaker, Tamara and Nsair, Ali and Cheng, Richard and Fonarow, Gregg and Livingston, Nancy and Howell, Elan and Huie, Newman and others},
journal={Journal of Cardiovascular Nursing},
year={2014},
publisher={LWW}
}

@article{Singh10062014,
author = {Singh, Mrinal and Parameshwar, Jayan and Lewis, Clive and Tsui, Steven S.L.}, 
title = {Biventricular assist device use in non-dilated hypertrophic cardiomyopathy},
year = {2014}, 
doi = {10.1093/ejcts/ezu233}, 
journal = {European Journal of Cardio-Thoracic Surgery},
}

@article{shiose2010speed,
title={Speed modulation of the continuous-flow total artificial heart to simulate a physiologic arterial pressure waveform},
author={Shiose, Akira and Nowak, Kathleen and Horvath, David J and Massiello, Alex L and Golding, Leonard AR and Fukamachi, Kiyotaka},
journal={ASAIO journal},
volume={56},
number={5},
pages={403-409},
year={2010},
publisher={NIH Public Access}
}

@article{Khalil2010568,
title = "Induced pulsation of a continuous-flow total artificial heart in a mock circulatory system ",
journal = "The Journal of Heart and Lung Transplantation ",
volume = "29",
number = "5",
pages = "568-573",
year = "2010",
issn = "1053-2498",
doi = "http://dx.doi.org/10.1016/j.healun.2009.12.004",
author = "Hassan A. Khalil and Daniel T. Kerr and Mark A. Schusterman and William E. Cohn and O.H. Frazier and Branislav Radovancevic",
}

@article{Fukamachi201013,
title = "An innovative, sensorless, pulsatile, continuous-flow total artificial heart: Device design and initial in vitro study ",
journal = "The Journal of Heart and Lung Transplantation ",
volume = "29",
number = "1",
pages = "13-20",
year = "2010",
issn = "1053-2498",
doi = "http://dx.doi.org/10.1016/j.healun.2009.05.034",
author = "Kiyotaka Fukamachi and David J. Horvath and Alex L. Massiello and Hideyuki Fumoto and Tetsuya Horai and Santosh Rao and Leonard A.R. Golding",
}

@ARTICLE{5282636, 
author={Greatrex, N.A. and Timms, D.L. and Kurita, N. and Palmer, E.W. and Masuzawa, T.}, 
journal={IEEE Transactions on Biomedical Engineering}, 
title={Axial Magnetic Bearing Development for the BiVACOR Rotary BiVAD/TAH}, 
year={2010}, 
volume={57}, 
number={3}, 
pages={714-721}, 
doi={10.1109/TBME.2009.2033389}, 
ISSN={0018-9294},}

@article{frazier2012continuous,
title={Continuous-flow total heart replacement device implanted in a 55-year-old man with end-stage heart failure and severe amyloidosis},
author={Frazier, OH and Cohn, William E},
journal={Texas Heart Institute Journal},
volume={39},
number={4},
pages={542-546},
year={2012},
publisher={Texas Heart Institute}
}

@article{Mohacsi15092014,
author = {Mohacsi, Paul and Leprince, Pascal}, 
title = {The CARMAT total artificial heart},
volume = {46}, 
number = {6}, 
pages = {933-934}, 
year = {2014}, 
doi = {10.1093/ejcts/ezu333}, 
journal = {European Journal of Cardio-Thoracic Surgery},
}

@book{pal2013design,
title={Design of Artificial Human Joints \& Organs},
author={Pal, Subrata},
year={2013},
publisher={Springer}
}

@book{identification_usa,
title={ÐÐµÑÐ¾Ð´Ñ Ð¸Ð´ÐµÐ½ÑÐ¸ÑÐ¸ÐºÐ°ÑÐ¸Ð¸ ÑÐ¸ÑÑÐµÐ¼},
author={ÐÑÐ¾Ð¿, Ð},
year={1979},
publisher={ÐÐ¸Ñ},
language={russian}
}

@book{identification_ljung,
title={ÐÐ´ÐµÐ½ÑÐ¸ÑÐ¸ÐºÐ°ÑÐ¸Ñ ÑÐ¸ÑÑÐµÐ¼. Ð¢ÐµÐ¾ÑÐ¸Ñ Ð´Ð»Ñ Ð¿Ð¾Ð»ÑÐ·Ð¾Ð²Ð°ÑÐµÐ»Ñ},
author={ÐÑÑÐ½Ð³, Ð},
year={1991},
publisher={ÐÐ°ÑÐºÐ°},
language={russian}
}

@book{biotech_basics,
title={ÐÑÐ½Ð¾Ð²Ñ ÑÐµÐ¾ÑÐ¸Ð¸ Ð±Ð¸Ð¾ÑÐµÑÐ½Ð¸ÑÐµÑÐºÐ¸Ñ ÑÐ¸ÑÑÐµÐ¼},
author={ÐÐºÑÐ»Ð¾Ð², Ð¡ Ð and Ð¤ÐµÐ´Ð¾ÑÐ¾Ð², Ð Ð},
year={2014},
publisher={Ð¤Ð¸Ð·Ð¼Ð°ÑÐ»Ð¸Ñ},
language={russian}
}

@article{Sale2012147,
title = "Total artificial heart ",
journal = "Best Practice \& Research Clinical Anaesthesiology ",
volume = "26",
number = "2",
pages = "147-165",
year = "2012",
issn = "1521-6896",
doi = "http://dx.doi.org/10.1016/j.bpa.2012.04.002",
author = "Shiva M. Sale and Nicholas G. Smedira",
}

@article{trans_sim,
author={Bram W Smith and J Geoffrey Chase and Geoff M Shaw and Roger I Nokes},
title={Simulating transient ventricular interaction using a minimal cardiovascular system model},
journal={Physiological Measurement},
volume={27},
number={2},
pages={165-180},
year={2006},
}

@article{Shi20072919,
title = "Numerical simulation of cardiovascular dynamics with different types of VAD assistance ",
journal = "Journal of Biomechanics ",
volume = "40",
number = "13",
pages = "2919-2933",
year = "2007",
issn = "0021-9290",
doi = "http://dx.doi.org/10.1016/j.jbiomech.2007.02.023",
author = "Yubing Shi and Theodosios Korakianitis and Christopher Bowles",
}

@article{copeland2013syncardia,
title={SynCardia Total Artificial Heart: Update and Future},
author={Copeland, Jack G},
journal={Texas Heart Institute Journal},
volume={40},
number={5},
pages={587-588},
year={2013},
publisher={Texas Heart Institute}
}

@article{frazier2005total,
title={Total heart replacement with dual centrifugal ventricular assist devices},
author={Frazier, O H and Tuzun, Egemen and Cohn, William and Tamez, Daniel and Kadipasaoglu, Kamuran A},
journal={ASAIO journal},
volume={51},
number={3},
pages={224-229},
year={2005},
publisher={LWW}
}

@article{frazier2006total,
title={Total heart replacement using dual intracorporeal continuous-flow pumps in a chronic bovine model: a feasibility study},
author={Frazier, O H and Tuzun, Egemen and Cohn, William E and Conger, Jeffrey L and Kadipasaoglu, Kamuran A},
journal={ASAIO journal},
volume={52},
number={2},
pages={145-149},
year={2006},
publisher={LWW}
}

@article{frazier2009continuous,
title={Continuous-flow total artificial heart supports long-term survival of a calf},
author={Frazier, OH and Cohn, William E and Tuzun, Egemen and Winkler, Jo Anna and Gregoric, Igor D},
journal={Texas Heart Institute Journal},
volume={36},
number={6},
pages={568-574},
year={2009},
publisher={Texas Heart Institute}
}

@article {Timms2008,
author = {Timms, Daniel and Fraser, John and Hayne, Mark and Dunning, John and McNeil, Keith and Pearcy, Mark},
title = {The BiVACOR Rotary Biventricular Assist Device: Concept and In Vitro Investigation},
journal = {Artificial Organs},
volume = {32},
number = {10},
publisher = {Blackwell Publishing Inc},
issn = {1525-1594},
doi = {10.1111/j.1525-1594.2008.00633.x},
pages = {816-819},
year = {2008},
}

@article {CFTAH2012,
author = {Kobayashi, Mariko and Horvath, David J. and Mielke, Nicole and Shiose, Akira and Kuban, Barry and Goodin, Mark and Fukamachi, Kiyotaka and Golding, Leonard A.R.},
title = {Progress on the Design and Development of the Continuous-Flow Total Artificial Heart},
journal = {Artificial Organs},
volume = {36},
number = {8},
publisher = {Blackwell Publishing Inc},
issn = {1525-1594},
doi = {10.1111/j.1525-1594.2012.01489.x},
pages = {705-713},
keywords = {Continuous flow, Artificial heart, Hemolysis, Computational fluid dynamics},
year = {2012},
}

@article{Kirsch2012501,
title = "Survival after biventricular mechanical circulatory support: Does the type of device matter? ",
journal = "The Journal of Heart and Lung Transplantation ",
volume = "31",
number = "5",
pages = "501-508",
year = "2012",
issn = "1053-2498",
doi = "http://dx.doi.org/10.1016/j.healun.2011.11.024",
author = "Matthias Kirsch and Jean-Philippe Mazzucotelli and Jean-Christian Roussel and Olivier Bouchot and Joseph N'Loga and Pascal Leprince and Pierre-Yves Litzler and AndrÃ© Vincentelli",
}

@article{ClevelandJr2011862,
title = "Survival after biventricular assist device implantation: An analysis of the Interagency Registry for Mechanically Assisted Circulatory Support database ",
journal = "The Journal of Heart and Lung Transplantation ",
volume = "30",
number = "8",
pages = "862-869",
year = "2011",
issn = "1053-2498",
doi = "http://dx.doi.org/10.1016/j.healun.2011.04.004",
author = "Joseph C. Cleveland and David C. Naftel and T. Brett Reece and Margaret Murray and James Antaki and Francis D. Pagani and James K. Kirklin",
}

@article{Saito2011475,
title = "Biventricular support using implantable continuous-flow ventricular assist devices ",
journal = "The Journal of Heart and Lung Transplantation ",
volume = "30",
number = "4",
pages = "475-478",
year = "2011",
issn = "1053-2498",
doi = "http://dx.doi.org/10.1016/j.healun.2010.11.013",
author = "Shunsuke Saito and Taichi Sakaguchi and Shigeru Miyagawa and Yasushi Yoshikawa and Takashi Yamauchi and Takayoshi Ueno and Toru Kuratani and Yoshiki Sawa",
}

@article{Krabatsch13092011,
author = {Krabatsch, Thomas and Potapov, Evgenij and Stepanenko, Alexander and Schweiger, Martin and Kukucka, Marian and Huebler, Michael and Hennig, Ewald and Hetzer, Roland}, 
title = {Biventricular Circulatory Support With Two Miniaturized Implantable Assist Devices},
volume = {124}, 
number = {11}, 
pages = {179-186}, 
year = {2011}, 
doi = {10.1161/CIRCULATIONAHA.110.011502}, 
journal = {Circulation}, 
}

@article{Nsair2014S77,
title = "Outcomes of Heart Transplant Recipients Bridged with BiVentricular Assist Device",
journal = "The Journal of Heart and Lung Transplantation ",
volume = "33",
number = "4",
pages = "77-78",
year = "2014",
issn = "1053-2498",
doi = "http://dx.doi.org/10.1016/j.healun.2014.01.242",
author = "A. Nsair and L. Reardon and M. Deng and A. Ardehali and E.C. DePasquale"
}

@article{Karamlou2013480,
title = "Mechanical Circulatory Support Pathways That Maximize Post-Heart Transplant Survival ",
journal = "The Annals of Thoracic Surgery ",
volume = "95",
number = "2",
pages = "480-485",
year = "2013",
issn = "0003-4975",
doi = "http://dx.doi.org/10.1016/j.athoracsur.2012.05.108",
author = "Tara Karamlou and Jill Gelow and Brian S. Diggs and Frederick A. Tibayan and James M. Mudd and Steven W. Guyton and Matthew S. Slater and Howard K. Song"
}

@article{Bartoli2011559,
title = "The Future of Adult Cardiac Assist Devices: Novel Systems and Mechanical Circulatory Support Strategies ",
journal = "Cardiology Clinics ",
volume = "29",
number = "4",
pages = "559-582",
year = "2011",
issn = "0733-8651",
doi = "http://dx.doi.org/10.1016/j.ccl.2011.08.013",
author = "Carlo R. Bartoli and Robert D. Dowling",
}

@incollection{TAH2HF2013,
year={2013},
isbn={978-1-4614-7344-2},
booktitle={Translational Approach to Heart Failure},
doi={10.1007/978-1-4614-7345-9_17},
title={Total Artificial Heart},
publisher={Springer New York},
author={Stamm, Christof and Hetzer, Roland},
pages={437-448},
language={English}
}

@article{Korakianitis20061964,
title = "Numerical simulation of cardiovascular dynamics with healthy and diseased heart valves ",
journal = "Journal of Biomechanics ",
volume = "39",
number = "11",
pages = "1964-1982",
year = "2006",
issn = "0021-9290",
doi = "http://dx.doi.org/10.1016/j.jbiomech.2005.06.016",
author = "Theodosios Korakianitis and Yubing Shi",
}

@article{SUGA01071974,
author = {Suga, Hiroyuki and Sagawa, Kiichi}, 
title = {Instantaneous pressure-volume relationships and their ratio in the excised, supported canine left ventricle},
volume = {35}, 
number = {1}, 
pages = {117-126}, 
year = {1974}, 
doi = {10.1161/01.RES.35.1.117}, 
journal = {Circulation Research},
}

@article{Smith2004131,
title = "Minimal haemodynamic system model including ventricular interaction and valve dynamics",
journal = "Medical Engineering \& Physics",
volume = "26",
number = "2",
pages = "131-139",
year = "2004",
issn = "1350-4533",
doi = "http://dx.doi.org/10.1016/j.medengphy.2003.10.001",
author = "Bram W. Smith and J. Geoffrey Chase and Roger I. Nokes and Geoffrey M. Shaw and Graeme Wake",
}

@article{vandenberghe2006modeling,
title={Modeling ventricular function during cardiac assist: Does time-varying elastance work?},
author={Vandenberghe, Stijn and Segers, Patrick and Steendijk, Paul and Meyns, Bart and Dion, Robert AE and Antaki, James F and Verdonck, Pascal},
journal={ASAIO journal},
volume={52},
number={1},
pages={4-8},
year={2006},
publisher={LWW}
}

@online{Syncardia,
author = {{The Western PA Healthcare News Team}},
title = {Allegheny General Hospital Cardiac Surgeons Perform Regionâs First SynCardia Total Artificial Heart Implantation},
year = {2012},
url = {http://www.wphealthcarenews.com/allegheny-general-hospital-syncardia/},
urldate = {2015-05-09}
}

@online{Abiocor,
author = {{AbioMed, Inc.}},
title = {The AbioCor Replacement Heart},
year = {2001},
url = {http://www.heartpioneers.com/abiocorimages.html},
urldate = {2015-05-09}
}

@online{Bivacor,
title = {BiVACOR Inc.},
year = {2015},
url = {http://bivacor.com},
urldate = {2015-05-09}
}

@ARTICLE{Lim2010, 
author={Lim, E. and Dokos, S. and Cloherty, S.L. and Salamonsen, R.F. and Mason, D.G. and Reizes, J.A. and Lovell, N.H.}, 
journal={IEEE Transactions on Biomedical Engineering}, 
title={Parameter-Optimized Model of Cardiovascular-Rotary Blood Pump Interactions}, 
year={2010}, 
volume={57}, 
number={2}, 
pages={254-266}, 
doi={10.1109/TBME.2009.2031629}, 
ISSN={0018-9294},}

@article{DiazZuccarini2007774,
title = "An energetically coherent lumped parameter model of the left ventricle specially developed for educational purposes ",
journal = "Computers in Biology and Medicine ",
volume = "37",
number = "6",
pages = "774-784",
year = "2007",
issn = "0010-4825",
doi = "http://dx.doi.org/10.1016/j.compbiomed.2006.07.002",
author = "Vanessa Diaz-Zuccarini and Jacques LeFevre",
}

@article{yaku1991multicompartment,
title={Multicompartment model for mechanics and energetics of fibrillating ventricle},
author={Yaku, Hitoshi and Goto, YOICHI and Futaki, SHIHO and Ohgoshi, YUICHI and Kawaguchi, OSAMU and Sugu, H},
journal={American Journal of Physiology},
volume={260},
pages={292-299},
year={1991},
publisher={Am Physiological Soc}
}

@article{lu2001human,
title={A human cardiopulmonary system model applied to the analysis of the Valsalva maneuver},
author={Lu, K and Clark Jr, JW and Ghorbel, FH and Ware, DL and Bidani, A},
journal={American Journal of Physiology-Heart and Circulatory Physiology},
volume={281},
number={6},
pages={2661-2679},
year={2001},
publisher={Am Physiological Soc}
}

@article{Jansen01062012,
author = {Jansen, Piet and van Oeveren, Willem and Capel, Antoine and Carpentier, Alain}, 
title = {In vitro haemocompatibility of a novel bioprosthetic total artificial heart},
volume = {41}, 
number = {6}, 
pages = {166-172}, 
year = {2012}, 
doi = {10.1093/ejcts/ezs187}, 
journal = {European Journal of Cardio-Thoracic Surgery},
}

@article{Ferrari2014,
year={2015},
issn={1861-0684},
journal={Clinical Research in Cardiology},
volume={104},
number={2},
doi={10.1007/s00392-014-0771-6},
title={An insight into short- and long-term mechanical circulatory support systems},
publisher={Springer Berlin Heidelberg},
author={Ferrari, Markus and Kruzliak, Peter and Spiliopoulos, Kyriakos},
pages={95-111},
language={English}
}

@article {Giridharan2003,
author = {Giridharan, Guruprasad A. and Skliar, Mikhail},
title = {Control Strategy for Maintaining Physiological Perfusion with Rotary Blood Pumps},
journal = {Artificial Organs},
volume = {27},
number = {7},
publisher = {Blackwell Science Inc},
issn = {1525-1594},
doi = {10.1046/j.1525-1594.2003.07089.x},
pages = {639-648},
keywords = {Ventricular assist device, Automatic feedback controller, Circulatory system model, VAD model, Rotary blood pump},
year = {2003},
}

@ARTICLE{918900, 
author={Seongjin Choi and Antaki, J.F. and Boston, J.R. and Thomas, D.}, 
journal={IEEE Transactions on Control Systems Technology}, 
title={A sensorless approach to control of a turbodynamic left ventricular assist system}, 
year={2001}, 
volume={9}, 
number={3}, 
pages={473-482}, 
doi={10.1109/87.918900}, 
ISSN={1063-6536},
}

@article{Hann201075,
title = "Unique parameter identification for cardiac diagnosis in critical care using minimal data sets ",
journal = "Computer Methods and Programs in Biomedicine ",
volume = "99",
number = "1",
pages = "75-87",
year = "2010",
issn = "0169-2607",
doi = "http://dx.doi.org/10.1016/j.cmpb.2010.01.002",
author = "C.E. Hann and J.G. Chase and T. Desaive and C.B. Froissart and J. Revie and D. Stevenson and B. Lambermont and A. Ghuysen and P. Kolh and G.M. Shaw",
}

@article{korakianitis2007numerical,
title={Numerical comparison of hemodynamics with atrium to aorta and ventricular apex to aorta VAD support},
author={Korakianitis, Theodosios and Shi, Yubing},
journal={ASAIO Journal},
volume={53},
number={5},
pages={537-548},
year={2007},
publisher={LWW}
}

@article{Arts2003731,
title = "Modeling the relation between cardiac pump function and myofiber mechanics",
journal = "Journal of Biomechanics ",
volume = "36",
number = "5",
pages = "731-736",
year = "2003",
issn = "0021-9290",
doi = "http://dx.doi.org/10.1016/S0021-9290(02)00451-7",
author = "T. Arts and P. Bovendeerd and T. Delhaas and F. Prinzen",
language="english",
}

@article{beyar1987interaction,
title={Interaction between cardiac chambers and thoracic pressure in intact circulation},
author={Beyar, RAFAEL and Hausknecht, MARK J and Halperin, HENRY R and Yin, FC and Weisfeldt, MYRON L},
journal={American Journal of Physiology},
volume={253},
pages={1240-1252},
year={1987},
publisher={American Physiological Society}
}

@article{maughan1987ventricular,
title={Ventricular systolic interdependence: volume elastance model in isolated canine hearts},
author={Maughan, W LOWELL and Sunagawa, KENJI and Sagawa, KIICHI},
journal={American Journal of Physiology},
volume={253},
number={6 PT 2},
pages={1381-1390},
year={1987},
publisher={American Physiological Society}
}

@article{TriSeg2009,
year={2009},
issn={0090-6964},
journal={Annals of Biomedical Engineering},
volume={37},
number={11},
doi={10.1007/s10439-009-9774-2},
title={Three-Wall Segment (TriSeg) Model Describing Mechanics and Hemodynamics of Ventricular Interaction},
publisher={Springer US},
keywords={Pulmonary hypertension; Septal motion; Adaptation; Stress; Strain; Myofiber; Cardiac mechanics},
author={Lumens, Joost and Delhaas, Tammo and Kirn, Borut and Arts, Theo},
pages={2234-2255},
language={English}
}

@ARTICLE{4252109, 
author={Yi Wu and Allaire, P.E. and Gang Tao and Olsen, D.}, 
journal={IEEE Transactions on Control Systems Technology}, 
title={Modeling, Estimation, and Control of Human Circulatory System With a Left Ventricular Assist Device}, 
year={2007}, 
volume={15}, 
number={4}, 
pages={754-767}, 
keywords={adaptive control;blood vessels;cardiology;control engineering computing;medical control systems;observers;optimal control;parameter estimation;time-varying systems;Matlab simulation;abnormal hemodynamic variables;adaptive observer;aortic pressure estimation;congestive heart failure patient;critical time-varying parameter;human circulatory system;left ventricular assist device;nonlinear function;numerical solution;optimal adaptive controller;parameter estimation;peripheral blood vessels;physiological control;state-space model;theoretical analysis;Adaptive control;Circulatory system;Humans;Mathematical model;Optimal control;Parameter estimation;Pressure control;Programmable control;System testing;Time varying systems;Adaptive control;circulatory system;estimation;feedback control;left ventricular assist device;modeling;pump head}, 
doi={10.1109/TCST.2006.890288}, 
ISSN={1063-6536},}

@article {PulsatileVAD2006,
author = {Shi, Yubing and Korakianitis, Theodosios},
title = {Numerical Simulation of Cardiovascular Dynamics With Left Heart Failure and In-series Pulsatile Ventricular Assist Device},
journal = {Artificial Organs},
volume = {30},
number = {12},
publisher = {Blackwell Publishing Inc},
issn = {1525-1594},
doi = {10.1111/j.1525-1594.2006.00326.x},
pages = {929-948},
year = {2006},
}

@article {mt2014n6,
author = {Petukhov, D and Telyshev, D},
title = {Simulation of changes in the dynamics of blood flow through the implantable axial flow pump},
journal = {Meditsinskaya tekhnika},
number = {6},
issn = {0025-8075},
pages = {44-47},
year = {2014},
}

@article {stm2016,
author = {Petukhov, D and Telyshev, D and Selishchev, S},
title = {Control method of a rotary blood pump for a left ventricular assist device},
journal = {Sovremennye tehnologii v medicine},
volume = {8},
number = {2},
issn = {2076-4243},
pages = {28-33},
year = {2016},
language = {english},
}

@article {mt2014n6_ru,
author = {ÐÐµÑÑÑÐ¾Ð², ÐÐ¼Ð¸ÑÑÐ¸Ð¹ and Ð¢ÐµÐ»ÑÑÐµÐ², ÐÐ¼Ð¸ÑÑÐ¸Ð¹},
title = {ÐÐ¾Ð´ÐµÐ»Ð¸ÑÐ¾Ð²Ð°Ð½Ð¸Ðµ Ð¸Ð·Ð¼ÐµÐ½ÐµÐ½Ð¸Ð¹ Ð² Ð´Ð¸Ð½Ð°Ð¼Ð¸ÐºÐµ ÑÐµÑÐµÐ½Ð¸Ñ ÐºÑÐ¾Ð²Ð¸ ÑÐµÑÐµÐ· Ð¸Ð¼Ð¿Ð»Ð°Ð½ÑÐ¸ÑÑÐµÐ¼ÑÐ¹ Ð¾ÑÐµÐ²Ð¾Ð¹ Ð½Ð°ÑÐ¾Ñ},
journal = {ÐÐµÐ´Ð¸ÑÐ¸Ð½ÑÐºÐ°Ñ ÑÐµÑÐ½Ð¸ÐºÐ°},
number = {6},
issn = {0025-8075},
pages = {44-47},
year = {2014},
}

@article {mt2016n4_ru,
author = {ÐÐµÑÑÑÐ¾Ð², ÐÐ¼Ð¸ÑÑÐ¸Ð¹ and Ð¢ÐµÐ»ÑÑÐµÐ², ÐÐ¼Ð¸ÑÑÐ¸Ð¹},
title = {ÐÐ°ÑÐµÐ¼Ð°ÑÐ¸ÑÐµÑÐºÐ°Ñ Ð¼Ð¾Ð´ÐµÐ»Ñ ÑÐµÑÐ´ÐµÑÐ½Ð¾-ÑÐ¾ÑÑÐ´Ð¸ÑÑÐ¾Ð¹ ÑÐ¸ÑÑÐµÐ¼Ñ Ð¿ÐµÐ´Ð¸Ð°ÑÑÐ¸ÑÐµÑÐºÐ¸Ñ Ð¿Ð°ÑÐ¸ÐµÐ½ÑÐ¾Ð² Ñ Ð²ÑÐ¾Ð¶Ð´ÐµÐ½Ð½ÑÐ¼Ð¸ Ð¿Ð¾ÑÐ¾ÐºÐ°Ð¼Ð¸ ÑÐµÑÐ´ÑÐ°},
journal = {ÐÐµÐ´Ð¸ÑÐ¸Ð½ÑÐºÐ°Ñ ÑÐµÑÐ½Ð¸ÐºÐ°},
number = {4},
issn = {0025-8075},
pages = {9-11},
year = {2016},
}

@article {mt2010n6_ru,
author = {ÐÑÐºÐ¸Ð½, Ð Ð and Ð¡ÐµÐ»Ð¸ÑÐµÐ², Ð¡ÐµÑÐ³ÐµÐ¹ Ð},
title = {Ð Ð¾ÑÐ¾ÑÐ½ÑÐµ Ð½Ð°ÑÐ¾ÑÑ Ð´Ð»Ñ Ð¸ÑÐºÑÑÑÑÐ²ÐµÐ½Ð½Ð¾Ð³Ð¾ Ð¸ Ð²ÑÐ¿Ð¾Ð¼Ð¾Ð³Ð°ÑÐµÐ»ÑÐ½Ð¾Ð³Ð¾ ÐºÑÐ¾Ð²Ð¾Ð¾Ð±ÑÐ°ÑÐµÐ½Ð¸Ñ},
journal = {ÐÐµÐ´Ð¸ÑÐ¸Ð½ÑÐºÐ°Ñ ÑÐµÑÐ½Ð¸ÐºÐ°},
number = {6},
issn = {2076-4243},
pages = {39-44},
year = {2010},
language={russian},
}

@article {trojan,
author = {Ð¢ÑÐ¾ÑÐ½Ð¾Ð²ÑÐºÐ¸Ð¹, Ð Ð},
title = {ÐÐ¾Ð¼Ð¿ÑÑÑÐµÑÐ½Ð¾Ðµ Ð¼Ð¾Ð´ÐµÐ»Ð¸ÑÐ¾Ð²Ð°Ð½Ð¸Ðµ Ð¿ÑÐ¾ÑÐµÐ´ÑÑ Ð¸Ð´ÐµÐ½ÑÐ¸ÑÐ¸ÐºÐ°ÑÐ¸Ð¸ Ð´Ð¸Ð½Ð°Ð¼Ð¸ÑÐµÑÐºÐ¸Ñ Ð¾Ð±ÑÐµÐºÑÐ¾Ð²},
journal = {ÐÐ·Ð²ÐµÑÑÐ¸Ñ Ð²ÑÑÑÐ¸Ñ ÑÑÐµÐ±Ð½ÑÑ Ð·Ð°Ð²ÐµÐ´ÐµÐ½Ð¸Ð¹. Ð­Ð»ÐµÐºÑÑÐ¾Ð½Ð¸ÐºÐ°},
number = {4},
issn = {2076-4243},
pages = {16-17},
year = {2008},
language={russian},
}

@article{uriel2012development,
title={Development of a Novel Echocardiography Ramp Test for Speed Optimization and Diagnosis of Device Thrombosis in Continuous-Flow Left Ventricular Assist Devices},
author={Uriel, Nir and Morrison, Kerry A and Garan, Arthur R and Kato, Tomoko S and Yuzefpolskaya, Melana and Latif, Farhana and Restaino, Susan W and Mancini, Donna M and Flannery, Margaret and Takayama, Hiroo and others},
journal={Journal of the American College of Cardiology},
volume={60},
number={18},
pages={1764-1775},
year={2012},
publisher={Am Coll Cardio Found}
}

@techreport{iso14a,
 Key = {{ISO 14708}},
 publisher = {{ISO, Geneva, Switzerland}},
 type = {{Norm}},
 title = {{Implants for surgery -- Active implantable medical devices -- Part 1: General requirements for safety, marking and for information to be provided by the manufacturer}},
 number = {{ISO 14708-1}},
 year = {{2014}},
}

@misc{us2011cfr,
title={Code of Federal Regulations Title 21. Part 814: Premarket approval of medical devices},
author={{US Food and Drug Administration}},
journal={2011-10-06]. http://www. accessdata, fda. gov/scripts/cdrh/cfdocs/cfCFR/CFRSearch. cfmCFRPart=-814}
}

@article {Yamane2010,
author = {Yamane, Takashi and Kyo, Shunei and Matsuda, Hikaru and Abe, Yusuke and Imachi, Kou and Masuzawa, Toru and Nakatani, Takeshi and Sase, Kazuhiro and Tabayashi, Koichi and Takatani, Setsuo and Tatsumi, Eisuke and Umezu, Mitsuo and Tsuchiya, Toshie},
title = {Japanese Guidance for Ventricular Assist Devices/Total Artificial Hearts},
journal = {Artificial Organs},
volume = {34},
number = {9},
publisher = {Blackwell Publishing Inc},
issn = {1525-1594},
doi = {10.1111/j.1525-1594.2010.01091.x},
pages = {699-702},
year = {2010},
}

@article {Imachi2010,
author = {Imachi, Kou and Mussivand, Tofy},
title = {Outline of the International Organization for Standardization Standard for Circulatory Support Devices (ISO 14708-5)},
journal = {Artificial Organs},
volume = {34},
number = {9},
publisher = {Blackwell Publishing Inc},
issn = {1525-1594},
doi = {10.1111/j.1525-1594.2010.01097.x},
pages = {695-698},
year = {2010},
}

@article{Pantalos19981852,
title = "Long-term mechanical circulatory support system reliability recommendation: American Society for Artificial Internal Organs and The Society of Thoracic Surgeons: Long-term mechanical circulatory support system reliability recommendation ",
journal = "The Annals of Thoracic Surgery ",
volume = "66",
number = "5",
pages = "1852-1859",
year = "1998",
issn = "0003-4975",
doi = "http://dx.doi.org/10.1016/S0003-4975(98)01164-3",
author = "George M Pantalos and Frank Altieri and Alan Berson and Harvey Borovetz and Ken Butler and Glenn Byrd and Arthur A Ciarkowski and Rosalie Dunn and O.Howard Frazier and Bartley Griffith and David W Hoeppner and Jal S Jassawalla and Robert H Kormos and Robert T.V Kung and Bette Lemperle and Jeffrey P Lewis and D.Glenn Pennington and Victor L Poirier and Peer M Portner and Gerson Rosenberg and Rhona Shanker and John T Watson"
}

@online{PMA,
title = {Code of Federal Regulations Title 21},
year = {2014},
url = {http://www.accessdata.fda.gov/scripts/cdrh/cfdocs/cfcfr/CFRSearch.cfm?CFRPart=814&showFR=1}
}



@online{CFR58,
title = {Code of Federal Regulations Title 21},
year = {2014},
url = {http://www.accessdata.fda.gov/scripts/cdrh/cfdocs/cfcfr/CFRSearch.cfm?CFRPart=58&showFR=1}
}


@article{wang2015rotary,
title={Rotary Blood Pump Control Strategy for Preventing Left Ventricular Suction},
author={Wang, Yu and Koenig, Steven C and Slaughter, Mark S and Giridharan, Guruprasad A},
journal={ASAIO Journal},
volume={61},
number={1},
pages={21-30},
year={2015},
publisher={LWW}
}

@article{wang2015suction,
  title={Suction prevention and physiologic control of continuous flow left ventricular assist devices using intrinsic pump parameters},
  author={Wang, Yu and Koenig, Steven C and Slaughter, Mark S and Giridharan, Guruprasad A},
  journal={ASAIO Journal},
  volume={61},
  number={2},
  pages={170-177},
  year={2015},
  publisher={LWW}
}

@article{vandenberghe2005hemodynamic,
  title={Hemodynamic modes of ventricular assist with a rotary blood pump: continuous, pulsatile, and failure},
  author={Vandenberghe, Stijn and Segers, Patrick and Antaki, James F and Meyns, Bart and Verdonck, Pascal R},
  journal={ASAIO journal},
  volume={51},
  number={6},
  pages={711-718},
  year={2005},
  publisher={LWW}
}

@article {Bakouri_2014,
author = {Bakouri, Mohsen A. and Salamonsen, Robert F. and Savkin, Andrey V. and AlOmari, Abdul-Hakeem H. and Lim, Einly and Lovell, Nigel H.},
title = {A Sliding Mode-Based Starling-Like Controller for Implantable Rotary Blood Pumps},
journal = {Artificial Organs},
volume = {38},
number = {7},
issn = {1525-1594},
doi = {10.1111/aor.12223},
pages = {587-593},
year = {2014},
language={english},
}

@article {Mascio_2015,
author = {Mascio, Christopher E.},
title = {The Use of Ventricular Assist Device Support in Children: The State of the Art},
journal = {Artificial Organs},
volume = {39},
number = {1},
issn = {1525-1594},
doi = {10.1111/aor.12439},
pages = {14--20},
keywords = {Pediatric, Congenital, Mechanical support, Ventricular assist device},
year = {2015},
}

@article{Park01012014,
author = {Park, SS and Sanders, DB and Smith, BP and Ryan, J and Plasencia, J and Osborn, MB and Wellnitz, CM and Southard, RN and Pierce, CN and Arabia, FA and Lane, J and Frakes, D and Velez, DA and Pophal, SG and Nigro, JJ}, 
title = {Total artificial heart in the pediatric patient with biventricular heart failure},
volume = {29}, 
number = {1}, 
pages = {82-88}, 
year = {2014}, 
doi = {10.1177/0267659113496580}, 
journal = {Perfusion}, 
}

@article{Latremouille25022015,
author = {LatrÃ©mouille, Christian and Duveau, Daniel and Cholley, Bernard and Zilberstein, Luca and Belbis, Guillaume and Boughenou, Marie-Fazia and Meleard, Denis and Bruneval, Patrick and Adam, Clovis and Neuschwander, Arthur and Perles, Jean-Christophe and Jansen, Piet and Carpentier, Alain}, 
title = {Animal studies with the Carmat bioprosthetic total artificial heart},
year = {2015}, 
doi = {10.1093/ejcts/ezv010}, 
journal = {European Journal of Cardio-Thoracic Surgery},
}

@article{Soucy2015122,
title = "Rotary pump speed modulation for generating pulsatile flow and phasic left ventricular volume unloading in a bovine model of chronic ischemic heart failure ",
journal = "The Journal of Heart and Lung Transplantation ",
volume = "34",
number = "1",
pages = "122-131",
year = "2015",
issn = "1053-2498",
doi = "http://dx.doi.org/10.1016/j.healun.2014.09.017",
author = "Kevin G. Soucy and Guruprasad A. Giridharan and Young Choi and Michael A. Sobieski and Gretel Monreal and Allen Cheng and Erin Schumer and Mark S. Slaughter and Steven C. Koenig",
}

@INPROCEEDINGS{BiVACOR_2014, 
author={Kleinheyer, M. and Timms, D.L. and Greatrex, N.A. and Masuzawa, T. and Frazier, O.H. and Cohn, W.E.}, 
booktitle={36th Annual International Conference of the IEEE Engineering in Medicine and Biology Society}, 
title={Pulsatile operation of the BiVACOR TAH -- Motor design, control and hemodynamics}, 
year={2014}, 
month={Aug}, 
pages={5659-5662}, 
doi={10.1109/EMBC.2014.6944911}, 
ISSN={1557-170X},}

@article{torregrossa2014results,
title={Results with syncardia total artificial heart beyond 1 year},
author={Torregrossa, Gianluca and Morshuis, Michiel and Varghese, Robin and Hosseinian, Leila and Vida, Vladimiro and Tarzia, Vincenzo and Loforte, Antonio and Duveau, Daniel and Arabia, Francisco and Leprince, Pascal and others},
journal={ASAIO Journal},
volume={60},
number={6},
pages={626-634},
year={2014},
publisher={LWW}
}

@article{cohn2014eight,
title={Eight-year experience with a continuous-flow total artificial heart in calves},
author={Cohn, William E and Handy, Kelly M and Parnis, Steven M and Conger, Jeffrey L and Winkler, Jo Anna and Frazier, OH},
journal={ASAIO Journal},
volume={60},
number={1},
pages={25-30},
year={2014},
publisher={LWW}
}

@article{el2014home,
title={Home discharge and out-of-hospital follow-up of total artificial heart patients supported by a portable driver system},
author={El Banayosy, Aly and Kizner, Lukacz and Arusoglu, Latif and Morshuis, Michael and Brehm, Christof and Koerfer, Reiner and Schuermann, Christoph and Smith, Richard G and Copeland, Jack G and Slepian, Marvin J},
journal={ASAIO Journal},
volume={60},
number={2},
pages={148-153},
year={2014},
publisher={Wolters Kluwer Health}
}

@article {HeartAssistFlow,
author = {Pektok, Erman and Demirozu, Zumrut Tuba and Arat, Nurcan and Yildiz, Omer and Oklu, Emine and Eker, Deniz and Ece, Ferah and Ciftci, Cavlan and Yazicioglu, Nuran and Bayindir, Osman and Kucukaksu, Deniz Suha},
title = {Remote Monitoring of Left Ventricular Assist Device Parameters After HeartAssist 5 Implantation},
journal = {Artificial Organs},
volume = {37},
number = {9},
issn = {1525-1594},
doi = {10.1111/aor.12144},
pages = {820-825},
year = {2013},
language={english},
}

@online{HA5,
author = {ReliantHeart},
title = {The Next Generation LVAD},
year = 2015,
url = {http://reliantheart.com/heartassist5/new-heart-assist-5/the-next-generation-lvad/},
urldate = {2015-05-09}
}

@article {Granegger_2012,
author = {Granegger, Marcus and Moscato, Francesco and Casas, Fernando and Wieselthaler, Georg and Schima, Heinrich},
title = {Development of a Pump Flow Estimator for Rotary Blood Pumps to Enhance Monitoring of Ventricular Function},
journal = {Artificial Organs},
volume = {36},
number = {8},
publisher = {Blackwell Publishing Inc},
issn = {1525-1594},
doi = {10.1111/j.1525-1594.2012.01503.x},
pages = {691-699},
year = {2012},
language={english},
}

@manual{HW_manual,
title = {HeartWare\textsuperscript{\textregistered} Ventricular Assist System Instructions for Use},
date = {May 19, 2014},
language = {English},
organization = {HeartWare Inc.},
pagetotal = {108},
pubstate = {November 16, 2011},
}

@INPROCEEDINGS{Petukhov_ASAIO, 
author={Petukhov, D. and Telyshev, D.}, 
booktitle={ASAIO 61st Annual Conference}, 
title={Control Strategy for an Implantable Rotary Blood Pump Based on Identification of Pumping States}, 
year={2015}, 
month={May}, 
pages={4}, 
}

@article{Copeland2004823,
title = "Total artificial heart bridge to transplantation: a 9-year experience with 62 patients ",
journal = "The Journal of Heart and Lung Transplantation ",
volume = "23",
number = "7",
pages = "823-831",
year = "2004",
issn = "1053-2498",
doi = "http://dx.doi.org/10.1016/j.healun.2003.07.024",
author = "Jack G. Copeland and Richard G. Smith and Francisco A. Arabia and Paul E. Nolan and Douglas McClellan and Pei H. Tsau and Gulshan K. Sethi and Raj K. Bose and Mary E. Banchy and Diane L. Covington and Marvin J. Slepian"
}

@article{pratt2014left,
title={Left ventricular assist device management in the ICU},
author={Pratt, Alexandra K and Shah, Nimesh S and Boyce, Steven W},
journal={Critical care medicine},
volume={42},
number={1},
pages={158-168},
year={2014},
publisher={LWW}
}

@article{Rogers2015205,
title = "Risk assessment and comparative effectiveness of left ventricular assist device and medical management in ambulatory heart failure patients: Design and rationale of the ROADMAP clinical trial",
journal = "American Heart Journal",
volume = "169",
number = "2",
pages = "205-210",
year = "2015",
issn = "0002-8703",
author = "Joseph G. Rogers and Andrew J. Boyle and John B. OâConnell and Douglas A. Horstmanshof and Donald C. Haas and Mark S. Slaughter and Soon J. Park and David J. Farrar and Randall C. Starling"
}

@article {Karantonis_2007,
author = {Karantonis, Dean M. and Lovell, Nigel H. and Ayre, Peter J. and Mason, David G. and Cloherty, Shaun L.},
title = {Classification of Physiologically Significant Pumping States in an Implantable Rotary Blood Pump: Effects of Cardiac Rhythm Disturbances},
journal = {Artificial Organs},
volume = {31},
number = {6},
publisher = {Blackwell Publishing Inc},
issn = {1525-1594},
doi = {10.1111/j.1525-1594.2007.00409.x},
pages = {476-479},
keywords = {Implantable rotary blood pump, Pumping states, Control strategy, Left ventricular assist device, Arrhythmias},
year = {2007},
language={english},
}

@article{karantonis2007classification,
title={Classification of physiologically significant pumping states in an implantable rotary blood pump: patient trial results},
author={Karantonis, Dean M and Mason, David G and Salamonsen, Robert F and Ayre, Peter J and Cloherty, Shaun L and Lovell, Nigel H},
journal={ASAIO Journal},
volume={53},
number={5},
pages={617-622},
year={2007},
publisher={LWW},
language={english},
}

@article {Hui_2014,
author = {Ooi, Hui-Lee and Ng, Siew-Cheok and Lim, Einly and Salamonsen, Robert F. and Avolio, Alberto P. and Lovell, Nigel H.},
title = {Robust Aortic Valve Non-Opening Detection for Different Cardiac Conditions},
journal = {Artificial Organs},
volume = {38},
number = {3},
issn = {1525-1594},
doi = {10.1111/aor.12220},
pages = {57-67},
year = {2014},
}

@article {Ng_2013,
author = {Ng, Siew-Cheok and Lim, Einly and Mason, David G. and Avolio, Alberto P. and Lovell, Nigel H.},
title = {Evaluation of Suction Detection During Different Pumping States in an Implantable Rotary Blood Pump},
journal = {Artificial Organs},
volume = {37},
number = {8},
issn = {1525-1594},
doi = {10.1111/aor.12079},
pages = {145-154},
year = {2013},
language={english},
}

@article{Misgeld201535,
title = "Robust decentralised control of a hydrodynamic human circulatory system simulator ",
journal = "Biomedical Signal Processing and Control ",
volume = "20",
number = "1",
pages = "35-44",
year = "2015",
issn = "1746-8094",
doi = "http://dx.doi.org/10.1016/j.bspc.2015.04.004",
author = "Berno J.E. Misgeld and Daniel RÃ¼schen and Sebastian Schwandtner and Stefanie Heinke and Marian Walter and Steffen Leonhardt",
}


@article{stanfield_vitro_2013,
title = "In Vitro Pulsatility Analysis of Axial-Flow and Centrifugal-Flow Left Ventricular Assist Devices",
volume = {135},
doi = {10.1115/1.4023525},
number = "3",
journal = {Journal of Biomechanical Engineering},
author = {Stanfield, J. Ryan and Selzman, Craig H.},
year = "2013",
pages = {1-6},
language={english},
}

@article {salamonsen_2011,
author = {Salamonsen, Robert F. and Mason, David G. and Ayre, Peter J.},
title = {Response of Rotary Blood Pumps to Changes in Preload and Afterload at a Fixed Speed Setting Are Unphysiological When Compared With the Natural Heart},
journal = {Artificial Organs},
volume = {35},
number = {3},
publisher = {Blackwell Publishing Inc},
issn = {1525-1594},
doi = {10.1111/j.1525-1594.2010.01168.x},
pages = {47-53},
year = {2011},
}

@article{Fukamachi2013,
title = "Preload Sensitivity in Cardiac Assist Devices ",
journal = "The Annals of Thoracic Surgery ",
volume = "95",
number = "1",
pages = "373-380",
year = "2013",
issn = "0003-4975",
doi = "http://dx.doi.org/10.1016/j.athoracsur.2012.07.077",
author = "Kiyotaka Fukamachi and Akira Shiose and Alex Massiello and David J. Horvath and Leonard A.R. Golding and Sangjin Lee and Randall C. Starling"
}

@article{khalil2008preload,
title={Preload sensitivity of the Jarvik 2000 and HeartMate II left ventricular assist devices},
author={Khalil, Hassan A and Cohn, William E and Metcalfe, Ralph W and Frazier, O H},
journal={ASAIO Journal},
volume={54},
number={3},
pages={245-248},
year={2008},
publisher={LWW}
}

@Book{Stepan1957,
author= {Stepanoff, Alexey J.},
oai-set = {book},
publisher = {J. Wiley},
title = {Centrifugal and axial flow pumps},
year= {1948},
language = {english},
}

@book{lobanoff2013centrifugal,
title={Centrifugal Pumps: Design and Application: Design and Application},
author={Lobanoff, Val S and Ross, Robert R},
year={2013},
publisher={Elsevier}
}

@book{karassik1986pump,
title={Pump Handbook},
author={Karassik, Igor J and Messina, Joseph P and Cooper, Paul and Heald, Charles C and Krutzsch, WC and Hosangadi, Ashvin and Kittredge, CP and Fraser, Warren H and Marscher, William D and Boyadjis, Paul A and others},
volume={3},
year={1986},
publisher={McGraw-Hill New York}
}

@article{selishchev2015ventricular,
title={Ventricular assist device Sputnik: description, technical features and characteristics},
author={Selishchev, Sergey and Telyshev, Dmitry},
journal={Trends in Biomaterials and Artificial Organs},
volume={29},
number={3},
year={2015},
pages={207-210},
}

@article{sputnik_upd,
title={Optimisation of the Sputnik-VAD design},
author={Selishchev, Sergey and Telyshev, Dmitry},
journal={International Journal of Artificial Organs},
volume={39},
number={8},
year={2016},
pages={407-414},
}

@article{giridharan2014axial,
title={Do axial-flow LVADs unload better than centrifugal-flow LVADs?},
author={Giridharan, Guruprasad A and Koenig, Steven C and Slaughter, Mark S},
journal={ASAIO Journal},
volume={60},
number={2},
pages={137-139},
year={2014},
publisher={LWW}
}

@article{cheung2015design,
title={Design Concepts and Preclinical Results of a Miniaturized HeartWare Platform: The MVAD System},
author={Cheung, Anson and Chorpenning, Katherine and Tamez, Daniel and Shambaugh Jr, Charles and Dierlam, Anne E and Taskin, M Ertan and Ashenuga, Michael and Reyes, Carlos and LaRose, Jeffrey A},
journal={Innovations},
volume={10},
number={3},
pages={150-155},
year={2015},
publisher={Wolters Kluwer Health}
}

@article{wu2015initial,
title={Initial In Vivo Evaluation of a Novel Left Ventricular Assist Device},
author={Wu, Guanghui and Lin, Changyan and Li, Haiyang and Hou, Xiaotong and Chen, Chen and Liu, Xiujian and Xu, Chuangye and Wang, Jing and Yang, Peng and Qu, Wenbo},
journal={BioMed Research International},
volume={2015},
year={2015},
publisher={Hindawi Publishing Corporation}
}

@article{Jarvik2014S27,
title = "Jarvik 2000 Pump Technology and Miniaturization ",
journal = "Heart Failure Clinics ",
volume = "10",
number = "1",
pages = "27-38",
year = "2014",
issn = "1551-7136",
doi = "http://dx.doi.org/10.1016/j.hfc.2013.09.002",
author = "Robert Jarvik",
keywords = "Jarvik 2000",
keywords = "Blood pump",
keywords = "Miniaturization",
keywords = "Technology "
}

@article{Song2013333,
title = "Right Ventricular Outflow Tract Cannulation for Right Ventricular Assist Device Implantation",
journal = "The Annals of Thoracic Surgery ",
volume = "96",
number = "1",
pages = "333-335",
year = "2013",
issn = "0003-4975",
doi = "http://dx.doi.org/10.1016/j.athoracsur.2013.02.047",
author = "Howard K. Song and Frederick A. Tibayan and James Mudd and Jill Gelow and Matthew S. Slater"
}

@article{Baldwin22032011,
author = {Baldwin, J. Timothy and Borovetz, Harvey S. and Duncan, Brian W. and Gartner, Mark J. and Jarvik, Robert K. and Weiss, William J.}, 
title = {The National Heart, Lung, and Blood Institute Pediatric Circulatory Support Program: A Summary of the 5-Year Experience},
volume = {123}, 
number = {11}, 
pages = {1233-1240}, 
year = {2011}, 
doi = {10.1161/CIRCULATIONAHA.110.978023}, 
journal = {Circulation},
}

@article{Baldwin03012006,
author = {Baldwin, J. Timothy and Borovetz, Harvey S. and Duncan, Brian W. and Gartner, Mark J. and Jarvik, Robert K. and Weiss, William J. and Hoke, Tracey R.}, 
title = {The National Heart, Lung, and Blood Institute Pediatric Circulatory Support Program},
volume = {113}, 
number = {1}, 
pages = {147-155}, 
year = {2006}, 
doi = {10.1161/CIRCULATIONAHA.105.571422}, 
journal = {Circulation}, 
}

@article{giridharan2007computer,
title={A computer model of the pediatric circulatory system for testing pediatric assist devices},
author={Giridharan, Guruprasad A and Koenig, Steven C and Mitchell, Michael and Gartner, Mark and Pantalos, George M},
journal={ASAIO Journal},
volume={53},
number={1},
pages={74-81},
year={2007},
publisher={LWW}
}

@article{Durham01042011,
author = {Durham, Lucian A. and Dearani, Joseph A. and Burkhart, Harold M. and Joyce, Lyle D. and Cetta, Frank and Cabalka, Allison K. and Phillips, Sabrina D. and Sundareswaran, Kartik and Farrar, David and Park, Soon J.}, 
title = {Application of Computer Modeling in Systemic VAD Support of Failing Fontan Physiology},
volume = {2}, 
number = {2}, 
pages = {243-248}, 
year = {2011}, 
doi = {10.1177/2150135110397386}, 
journal = {World Journal for Pediatric and Congenital Heart Surgery},
}

@article{pekkan2005coupling,
title={Coupling pediatric ventricle assist devices to the fontan circulation: simulations with a lumped-parameter model},
author={Pekkan, Kerem and Frakes, David and de Zelicourt, Diane and Lucas, Carol W and Parks, W James and Yoganathan, Ajit P},
journal={ASAIO journal},
volume={51},
number={5},
pages={618--628},
year={2005},
publisher={LWW}
}

@article{gohean2013verification,
title={Verification of a computational cardiovascular system model comparing the hemodynamics of a continuous flow to a synchronous valveless pulsatile flow left ventricular assist device},
author={Gohean, Jeffrey R and George, Mitchell J and Pate, Thomas D and Kurusz, Mark and Longoria, Raul G and Smalling, Richard W},
journal={ASAIO journal},
volume={59},
number={2},
pages={107-116},
year={2013},
publisher={NIH Public Access}
}

@article{Pirbodaghi_2013,
year={2014},
issn={1382-4147},
journal={Heart Failure Reviews},
volume={19},
number={2},
doi={10.1007/s10741-013-9389-4},
title={Physiologic and hematologic concerns of rotary blood pumps: what needs to be improved?},
publisher={Springer US},
author={Pirbodaghi, Tohid and Asgari, Siavash and Cotter, Chris and Bourque, Kevin},
pages={259-266},
language={english},
}

@article {Giridharan_2012,
author = {Giridharan, Guruprasad A. and Lee, Thomas J. and Ising, Mickey and Sobieski, Michael A. and Koenig, Steven C. and Gray, Laman A. and Slaughter, Mark S.},
title = {Miniaturization of Mechanical Circulatory Support Systems},
journal = {Artificial Organs},
volume = {36},
number = {8},
publisher = {Blackwell Publishing Inc},
issn = {1525-1594},
doi = {10.1111/j.1525-1594.2012.01523.x},
pages = {731--739},
keywords = {Miniaturization, Ventricular assist device technology, Mechanical circulatory support, Heart failure, Review},
year = {2012},
}

@article {HeartAssist_5_fig,
author = {Sayer, Gabriel and Naka, Yoshifumi and Jorde, Ulrich P.},
title = {Ventricular Assist Device Therapy},
journal = {Cardiovascular Therapeutics},
volume = {27},
number = {2},
publisher = {Blackwell Publishing Ltd},
issn = {1755-5922},
doi = {10.1111/j.1755-5922.2009.00081.x},
pages = {140-150},
keywords = {Cardiovascular physiology, Heart failure, Transplant, Ventricular assist devices},
year = {2009},
}

@incollection{dura_heart_fig,
year={2008},
isbn={978-1-4020-9006-6},
booktitle={Advancements in Electric Machines},
series={Power Systems},
doi={10.1007/978-1-4020-9007-3_6},
title={Electric motors for medical and clinical applications},
publisher={Springer Netherlands},
author={Gieras, JacekF.},
pages={135-156},
language={English}
}

@book{boretos1984,
title={Contemporary Biomaterials -- Material and Host Response, Clinical Applications, New Technology and Legal Aspects},
author={Boretos, John W. and Eden, Murray},
year={1984},
publisher={Noyes Publications}
}

@incollection{shi_book,
year={2004},
isbn={978-3-642-06068-7},
booktitle={Biomedical Devices and Their Applications},
series={Biological and Medical Physics, Biomedical Engineering},
editor={Shi, Donglu},
doi={10.1007/978-3-662-06108-4_5},
title={Medical Devices and Their Applications},
publisher={Springer Berlin Heidelberg},
author={Verkerke, G.J. and Mahieu, H.F. and Geertsema, A.A. and Hermann, I.F. and van Horn, J.R. and Hummel, J.M. and van Loon, J.P. and Mihaylov, D. and van der Plaats, A. and Koops, H.Schraffordt and Schutte, H.K. and Veth, R.P.H. and de Vries, M.P. and Rakhorst, G.},
pages={119-200},
language={English}
}

@article {Paul_2003_blood_damage,
author = {Paul, Reinhard and Apel, JÃ¶rn and Klaus, Sebastian and SchÃ¼gner, Frank and Schwindke, Peter and Reul, Helmut},
title = {Shear Stress Related Blood Damage in Laminar Couette Flow},
journal = {Artificial Organs},
volume = {27},
number = {6},
publisher = {Blackwell Science Inc},
issn = {1525-1594},
doi = {10.1046/j.1525-1594.2003.07103.x},
pages = {517-529},
keywords = {Hemolysis, Shear stress, Couette flow, Blood experiments},
year = {2003},
}

@ARTICLE{Ooi_2015, 
author={Ooi, Hui-Lee and Seera, M. and Ng, Siew-Cheok and Lim, C. and Loo, C. and Lovell, N.H. and Redmond, S.J. and Lim, E.}, 
journal={IEEE Journal of Biomedical and Health Informatics}, 
title={Classification of implantable rotary blood pump state with class noise}, 
year={2015}, 
number={99}, 
pages={1-9}, 
doi={10.1109/JBHI.2015.2412375}, 
ISSN={2168-2194}, 
language={english},
}

@article {activity_control_karantonis_2010,
author = {Karantonis, Dean M. and Lim, Einly and Mason, David G. and Salamonsen, Robert F. and Ayre, Peter J. and Lovell, Nigel H.},
title = {Noninvasive Activity-based Control of an Implantable Rotary Blood Pump: Comparative Software Simulation Study},
journal = {Artificial Organs},
volume = {34},
number = {2},
publisher = {Blackwell Publishing Inc},
issn = {1525-1594},
url = {http://dx.doi.org/10.1111/j.1525-1594.2009.00932.x},
doi = {10.1111/j.1525-1594.2009.00932.x},
pages = {34-45},
year = {2010},
}

@INPROCEEDINGS{6858842, 
author={Yu Wang and Simaan, M.A.}, 
booktitle={American Control Conference (ACC), 2014}, 
title={A new method for detecting aortic valve dynamics during control of the rotary Left Ventricular Assist Device support}, 
year={2014}, 
pages={5471-5476}, 
doi={10.1109/ACC.2014.6858842}, 
ISSN={0743-1619}, 
month={June},
}

@INPROCEEDINGS{6609590, 
author={Bakouri, M.A. and Salamonsen, R.F. and Savkin, A.V. and Alomari, A.-H.H. and Einly Lim and Lovell, N.H.}, 
booktitle={35th Annual International Conference of the IEEE Engineering in Medicine and Biology Society}, 
title={Physiological control of implantable rotary blood pumps for heart failure patients}, 
year={2013}, 
pages={675-678}, 
doi={10.1109/EMBC.2013.6609590}, 
ISSN={1557-170X}, 
month={July},
}

@INPROCEEDINGS{7244808, 
author={Bakouri, M.A. and Savkin, A.V. and Alomari, A.-H.H.}, 
booktitle={Control Conference (ASCC), 2015 10th Asian}, 
title={A method for physiological control of a cardiac assist device}, 
year={2015}, 
pages={1-5}, 
doi={10.1109/ASCC.2015.7244808}, 
month={May},
}

@article{bioengineering1010022,
title={Numerical optimal control of turbo dynamic ventricular assist devices},
author={Amacher, Raffael and Asprion, Jonas and Ochsner, Gregor and Tevaearai, Hendrik and Wilhelm, Markus J and Plass, Andr{\'e} and Amstutz, Alois and Vandenberghe, Stijn and Daners, Marianne Schmid},
journal={Bioengineering},
volume={1},
number={1},
pages={22--46},
year={2013},
ISSN = {2306-5354},
publisher={Multidisciplinary Digital Publishing Institute}
}

@article{Bozkurt20141288,
title = "Arterial pulsatility improvement in a feedback-controlled continuous flow left ventricular assist device: An ex-vivo experimental study ",
journal = "Medical Engineering and Physics",
volume = "36",
number = "10",
pages = "1288-1295",
year = "2014",
issn = "1350-4533",
doi = "http://dx.doi.org/10.1016/j.medengphy.2014.07.005",
author = "Selim Bozkurt and Sjoerd van Tuijl and Stephanie Schampaert and Frans N. van de Vosse and Marcel C.M. Rutten",
}

@article{pennings2015estimation,
title={Estimation of left ventricular pressure with the pump as <<sensor>> in patients with a continuous flow LVAD},
author={Pennings, KA and van Tuijl, Sjoerd and van de Vosse, Frans N and de Mol, BA and Rutten, MC},
journal={The International journal of artificial organs},
volume={38},
number={8},
pages={433-443},
year={2015}
}

@article{Jansen_Park01092014,
author = {Jansen-Park, So-Hyun and Spiliopoulos, Sotirios and Deng, Hongyu and Greatrex, Nick and Steinseifer, Ulrich and Guersoy, Dilek and Koerfer, Reiner and Tenderich, Gero}, 
title = {A monitoring and physiological control system for determining aortic valve closing with a ventricular assist device},
volume = {46}, 
number = {3}, 
pages = {356-360}, 
year = {2014}, 
doi = {10.1093/ejcts/ezu006}, 
journal = {European Journal of Cardio-Thoracic Surgery}, 
}

@article {Lim_2011,
author = {Lim, Einly and Alomari, Abdul-Hakeem H. and Savkin, Andrey V. and Dokos, Socrates and Fraser, John F. and Timms, Daniel L. and Mason, David G. and Lovell, Nigel H.},
title = {A Method for Control of an Implantable Rotary Blood Pump for Heart Failure Patients Using Noninvasive Measurements},
journal = {Artificial Organs},
volume = {35},
number = {8},
publisher = {Blackwell Publishing Inc},
issn = {1525-1594},
doi = {10.1111/j.1525-1594.2011.01268.x},
pages = {174-180},
year = {2011},
}

@article {Ochsner_2014,
author = {Ochsner, Gregor and Amacher, Raffael and Wilhelm, Markus J. and Vandenberghe, Stijn and Tevaearai, Hendrik and Plass, AndrÃ© and Amstutz, Alois and Falk, Volkmar and Schmid Daners, Marianne},
title = {A Physiological Controller for Turbodynamic Ventricular Assist Devices Based on a Measurement of the Left Ventricular Volume},
journal = {Artificial Organs},
volume = {38},
number = {7},
issn = {1525-1594},
doi = {10.1111/aor.12225},
pages = {527-538},
year = {2014},
}

@article {Mansouri_2015,
author = {Mansouri, M and Salamonsen, R F and Lim, E and Akmeliawati, R and Lovell, N H},
title = {Preload-Based Starling-Like Control for Rotary Blood Pumps: Numerical Comparison with Pulsatility Control and Constant Speed Operation},
journal = {PLoS ONE},
volume = {10},
number = {4},
doi = {10.1371/journal.pone.0121413},
pages = {1-16},
year = {2015},
}

@article{huang2014pulse,
title={Pulse-Pressure--Enhancing Controller for Better Physiologic Perfusion of Rotary Blood Pumps Based on Speed Modulation},
author={Huang, Feng and Ruan, Xiaodong and Fu, Xin},
journal={ASAIO Journal},
volume={60},
number={3},
pages={269-279},
year={2014},
publisher={LWW}
}

@article{hijikata2015estimating,
title={Estimating Flow Rate Using the Motor Torque in a Rotary Blood Pump},
author={Hijikata, Wataru and Rao, Jun and Abe, Shodai and Takatani, Setsuo and Shinshi, Tadahiko},
journal={Sensors and Materials},
volume={27},
number={4},
pages={297-308},
year={2015},
publisher={MYU. KK}
}

@article {Salamonsen_2012,
author = {Salamonsen, Robert Francis and Lim, Einly and Gaddum, Nicholas and AlOmari, Abdul-Hakeem H. and Gregory, Shaun David and Stevens, Michael and Mason, David Glen and Fraser, John F. and Timms, Daniel and Karunanithi, Mohan K. and Lovell, Nigel Hamilton},
title = {Theoretical Foundations of a Starling-Like Controller for Rotary Blood Pumps},
journal = {Artificial Organs},
volume = {36},
number = {9},
publisher = {Blackwell Publishing Inc},
issn = {1525-1594},
doi = {10.1111/j.1525-1594.2012.01457.x},
pages = {787-796},
keywords = {Left ventricular assist device, Implantable rotary blood pump, Heart failure, Physiological control, Starling mechanism},
year = {2012},
}

@INPROCEEDINGS{6606105, 
author={Bakouri, M.A. and Salamonsen, R.F. and Savkin, A.V. and Lim, E. and Alomari, A.-H.H. and Lovell, N.H.}, 
booktitle={9th Asian Control Conference (ASCC)}, 
title={Feasible approach to control the operation of implantable rotary blood pumps for heart failure patients}, 
year={2013}, 
pages={1-6}, 
doi={10.1109/ASCC.2013.6606105}, 
month={June},
}

@ARTICLE{6895315, 
author={Verbeni, A. and Fontana, R. and Silvestri, M. and Tortora, G. and Vatteroni, M. and Trivella, M.G. and Dario, P.}, 
journal={Biomedical Circuits and Systems, IEEE Transactions on}, 
title={An Innovative Adaptive Control Strategy for Sensorized Left Ventricular Assist Devices}, 
year={2014}, 
volume={8}, 
number={5}, 
pages={660-668}, 
doi={10.1109/TBCAS.2014.2346015}, 
ISSN={1932-4545}, 
month={Oct},
}

@inproceedings{walter2012control,
title={Control strategies for mechanical heart assist systems},
author={Walter, Michael and Heinke, Stefanie and Schwandtner, Sebastian and Leonhardt, Steffen},
booktitle={2012 IEEE International Conference on Control Applications (CCA)},
pages={57-62},
year={2012},
organization={IEEE}
}

@ARTICLE{6359938, 
author={Yu Wang and Simaan, M.A.}, 
journal={IEEE Journal of Biomedical and Health Informatics}, 
title={A Suction Detection System for Rotary Blood Pumps Based on the Lagrangian Support Vector Machine Algorithm}, 
year={2013}, 
volume={17}, 
number={3}, 
pages={654-663}, 
doi={10.1109/TITB.2012.2228877}, 
ISSN={2168-2194}, 
language={english},
}

@article{Lima2015360,
title = "Ventricular assist devices: The future is now ",
journal = "Trends in Cardiovascular Medicine ",
volume = "25",
number = "4",
pages = "360-369",
year = "2015",
issn = "1050-1738",
doi = "http://dx.doi.org/10.1016/j.tcm.2014.11.008",
author = "Brian Lima and Michael Mack and Gonzalo V. Gonzalez-Stawinski",
language={english},
}

@article{Healy20151794,
title = "Patient-Controlled Conditioning for Left Ventricular Assist DeviceâInduced Myocardial Recovery ",
journal = "The Annals of Thoracic Surgery ",
volume = "99",
number = "5",
pages = "1794-1796",
year = "2015",
issn = "0003-4975",
doi = "http://dx.doi.org/10.1016/j.athoracsur.2014.07.058",
author = "Aaron H. Healy and Antigoni Koliopoulou and Stavros G. Drakos and Stephen H. McKellar and Josef Stehlik and Craig H. Selzman",
language={english},
}

@article {Jarvik_cone_bearing_2013,
author = {Stanfield, J. Ryan and Selzman, Craig H.},
title = {In Vitro Hydrodynamic Analysis of Pin and Cone Bearing Designs of the Jarvik 2000 Adult Ventricular Assist Device},
journal = {Artificial Organs},
volume = {37},
number = {9},
issn = {1525-1594},
doi = {10.1111/aor.12160},
pages = {825-833},
year = {2013},
language={english},
}

@article{Slaughter2010S1,
title = "Clinical management of continuous-flow left ventricular assist devices in advanced heart failure ",
journal = "The Journal of Heart and Lung Transplantation ",
volume = "29",
number = "4",
pages = "1-39",
year = "2010",
issn = "1053-2498",
doi = "http://dx.doi.org/10.1016/j.healun.2010.01.011",
author = "Mark S. Slaughter and Francis D. Pagani and Joseph G. Rogers and Leslie W. Miller and Benjamin Sun and Stuart D. Russell and Randall C. Starling and Leway Chen and Andrew J. Boyle and Suzanne Chillcott and Robert M. Adamson and Margaret S. Blood and Margarita T. Camacho and Katherine A. Idrissi and Michael Petty and Michael Sobieski and Susan Wright and Timothy J. Myers and David J. Farrar",
language={english},
}

@article{JTD5639,
author = {Ahmet Kilic},
title = {The future of left ventricular assist devices},
journal = {Journal of Thoracic Disease},
volume = {7},
number = {12},
year = {2015},
issn = {2077-6624},	
url = {http://www.jthoracdis.com/article/view/5639},
language={english},
}

@article{JTD2878,
author = {Christopher T. Holley and Laura Harvey and Ranjit John},
title = {Left ventricular assist devices as a bridge to cardiac transplantation},
journal = {Journal of Thoracic Disease},
volume = {6},
number = {8},
year = {2014},
pages={1110-1119},
issn = {2077-6624},	
language={english},
}

@article{Patel2014667,
title={A contemporary review of mechanical circulatory support},
journal={The Journal of Heart and Lung Transplantation},
volume={33},
number={7},
pages={667-674},
year={2014},
issn={1053-2498},
doi={http://dx.doi.org/10.1016/j.healun.2014.02.014},
author={Chetan B. Patel and Jennifer A. Cowger and Andreas Zuckermann},
language={english},
}

@inproceedings{dual_calibration_2015,
title={Clinical calibration of a volume sensor based physiological controller for ventricular assist device},
author={Dual, S A and Ochsner, G and Meboldt, M and Schmid, D M},
booktitle={Abstracts from the XLII Congress of the European Society for Artificial Organs (ESAO)},
pages={404},
year={2015},
organization={ESAO},
language={english},
}

@INPROCEEDINGS{6944257, 
author={Alonazi, K.A. and Lovell, N.H. and Dokos, S.}, 
booktitle={36th Annual International Conference of the IEEE Engineering in Medicine and Biology Society}, 
title={Simulation of motor current waveform as an index for aortic valve open-close condition during ventricular support}, 
year={2014}, 
pages={3013-3016}, 
doi={10.1109/EMBC.2014.6944257}, 
ISSN={1557-170X}, 
month={Aug},
language={english},
}

@article {Hayward_2015,
author = {Hayward, Christopher and Lim, Choon Pin and Schima, Heinrich and Macdonald, Peter and Moscato, Francesco and Muthiah, Kavitha and Granegger, Marcus},
title = {Pump Speed Waveform Analysis to Detect Aortic Valve Opening in Patients on Ventricular Assist Device Support},
journal = {Artificial Organs},
volume = {39},
number = {8},
issn = {1525-1594},
doi = {10.1111/aor.12570},
pages = {704-709},
year = {2015},
language={english},
}

@ARTICLE{7295582, 
author={Granegger, M. and Masetti, M. and Laohasurayodhin, R. and Schloglhofer, T. and Zimpfer, D. and Schima, H. and Moscato, F.}, 
journal={IEEE Transactions on Biomedical Engineering}, 
title={Continuous monitoring of aortic valve opening in rotary blood pump patients}, 
year={2015}, 
number={99}, 
pages={1-7}, 
doi={10.1109/TBME.2015.2489188}, 
ISSN={0018-9294}, 
language={english},
}

@article {HT_LVAD_2013,
author = {Garbade, Jens and Barten, Markus J. and Bittner, Hartmuth B. and Mohr, Friedrich-Wilhelm},
title = {Heart Transplantation and Left Ventricular Assist Device Therapy: Two Comparable Options in End-Stage Heart Failure?},
journal = {Clinical Cardiology},
volume = {36},
number = {7},
publisher = {Wiley Periodicals, Inc.},
issn = {1932-8737},
doi = {10.1002/clc.22124},
pages = {378-382},
year = {2013},
language={english},
}

@article {Schumerehv590,
author = {Schumer, Erin M. and Black, Matthew C. and Monreal, Gretel and Slaughter, Mark S.},
title = {Left ventricular assist devices: current controversies and future directions},
year = {2015},
doi = {10.1093/eurheartj/ehv590},
publisher = {The Oxford University Press},
issn = {0195-668X},
journal = {European Heart Journal},
pages = {1-8},
language={english},
}

@article{Kapur2013S53,
title = "A Novel Algorithm To Promote Native Aortic Valve Function Using the Next Generation Heartware MVAD",
journal = "The Journal of Heart and Lung Transplantation ",
volume = "32",
number = "4, Supplement",
pages = "53-54",
year = "2013",
issn = "1053-2498",
doi = "http://dx.doi.org/10.1016/j.healun.2013.01.943",
author = "N.K. Kapur and V. Paruchuri and M. Esposito and D.P. Schraufnagel and D. McSparren and D. Civiello and V. Todd-Elliot and D. Tamez and N.J. Nunez and N. Voskoboynikov and J. Graham and D.T. Pham",
language={english},
}

@article{kishimoto2013development,
title={Development of a novel drive mode to prevent aortic insufficiency during continuous-flow LVAD support by synchronizing rotational speed with heartbeat},
author={Kishimoto, Yuichiro and Takewa, Yoshiaki and Arakawa, Mamoru and Umeki, Akihide and Ando, Masahiko and Nishimura, Takashi and Fujii, Yutaka and Mizuno, Toshihide and Nishimura, Motonobu and Tatsumi, Eisuke},
journal={Journal of Artificial Organs},
volume={16},
number={2},
pages={129-137},
year={2013},
publisher={Springer},
language={english},
}

@INPROCEEDINGS{6862467, 
author={Yu Wang and Faragallah, G. and Simaan, M.A.}, 
booktitle={European Control Conference (ECC)}, 
title={Detection of aortic valve dynamics in bridge-to-recovery feedback control of the Left Ventricular Assist Device}, 
year={2014}, 
pages={140-145}, 
doi={10.1109/ECC.2014.6862467}, 
month={June},
language={english},
}

@article{reyes2016accuracy,
title={Accuracy of the HVAD Pump Flow Estimation Algorithm},
author={Reyes, Carlos and Voskoboynikov, Neil and Chorpenning, Katherine and LaRose, Jeffrey A and Brown, Michael C and Nunez, Nathalie J and Burkhoff, Daniel and Tamez, Daniel},
journal={ASAIO Journal},
volume={62},
number={1},
pages={15-19},
year={2016},
publisher={LWW},
language={english},
}

@article{pauls2016evaluation,
title={Evaluation of Physiological Control Systems for Rotary Left Ventricular Assist Devices: An In-Vitro Study},
author={Pauls, Jo P and Stevens, Michael C and Bartnikowski, Nicole and Fraser, John F and Gregory, Shaun D and Tansley, Geoff},
journal={Annals of biomedical engineering},
pages={1-11},
year={2016},
publisher={Springer},
language={english},
}

@article{chorpenning2014heartware,
title={HeartWare controller logs a diagnostic tool and clinical management aid for the HVAD pump},
author={Chorpenning, Katherine and Brown, Michael C and Voskoboynikov, Neil and Reyes, Carlos and Dierlam, Anne E and Tamez, Daniel},
journal={ASAIO Journal},
volume={60},
number={1},
pages={115-118},
year={2014},
publisher={LWW},
language={english},
}

@article{sabashnikov2013heartware,
title={HeartWare miniaturized intrapericardial ventricular assist device: advantages and adverse events in comparison to contemporary devices},
author={Sabashnikov, Anton and Mohite, Prashant N and Simon, Andr{\'e} R and Popov, Aron F},
journal={Expert review of medical devices},
volume={10},
number={4},
pages={441-452},
year={2013},
publisher={Taylor \& Francis}
}

@article{Kyo2012101,
title = "New era for therapeutic strategy for heart failure: Destination therapy by left ventricular assist device ",
journal = "Journal of Cardiology ",
volume = "59",
number = "2",
pages = "101-109",
year = "2012",
issn = "0914-5087",
doi = "http://dx.doi.org/10.1016/j.jjcc.2012.01.001",
author = "Shunei Kyo and Taishi Minami and Takashi Nishimura and Satoshi Gojo and Minoru Ono",
language={english},
}

@article{lenneman2014treatment,
title={Treatment strategies for myocardial recovery in heart failure},
author={Lenneman, Andrew J and Birks, Emma J},
journal={Current treatment options in cardiovascular medicine},
volume={16},
number={3},
pages={1-9},
year={2014},
publisher={Springer},
language={english},
}

@article{HQ_s_d_2015,
author = {Noor, Mumin R. and Ho, Chong H. and Parker, Kim H. and Simon, Andre R. and Banner, Nicholas R. and Bowles, Christopher T.},
title = {Investigation of the Characteristics of HeartWare HVAD and Thoratec HeartMate II Under Steady and Pulsatile Flow Conditions},
journal = {Artificial Organs},
issn = {1525-1594},
doi = {10.1111/aor.12593},
pages = {1-12},
year = {2015},
language={english},
}

@article{storn1997differential,
title={Differential evolution -- a simple and efficient heuristic for global optimization over continuous spaces},
author={Storn, Rainer and Price, Kenneth},
journal={Journal of global optimization},
volume={11},
number={4},
pages={341-359},
year={1997},
publisher={Springer},
language={english},
}

@book{price2006differential,
title={Differential evolution: a practical approach to global optimization},
author={Price, Kenneth and Storn, Rainer M and Lampinen, Jouni A},
year={2006},
publisher={Springer Science \& Business Media},
language={english},
}

@article{Mancini_2015,
author = {Mancini, Donna and Colombo, Paolo C.},
title = {Left Ventricular Assist Devices: A Rapidly Evolving Alternative to Transplant},
journal = {Journal of the American College of Cardiology},
volume = {65},
number = {23},
pages = {2542-2555},
year = {2015},
doi = {10.1016/j.jacc.2015.04.039},
language={english},
}

@article{gavin2011levenberg,
  title={The Levenberg-Marquardt method for nonlinear least squares curve-fitting problems},
  author={Gavin, Henri},
  journal={Department of Civil and Environmental Engineering, Duke University},
  pages={1-15},
  year={2011}
}

@MISC{IMM2004,
author       = {K. Madsen and H. B. Nielsen and O. Tingleff},
title        = {Methods for Non-Linear Least Squares Problems (2nd ed.)},
year         = {2004},
pages        = {60},
publisher    = {Informatics and Mathematical Modelling, Technical University of Denmark, {DTU}},
address      = {Richard Petersens Plads, Building 321, {DK-}2800 Kgs. Lyngby},
}

@misc{yanai2014backflow,
title={Backflow detection for centrifugal blood pump},
author={Yanai, M. and Zhang, T. and Houdek, J.G.},
url={http://www.google.com/patents/US8834345},
year={2014},
publisher={Google Patents},
note={US Patent 8,834,345},
}

@misc{tamez2014vad,
title={VAD integrated flow sensor},
author={Tamez, D. and Voskoboynikov, N.},
url={https://www.google.com/patents/US20140100414},
year={2014},
publisher={Google Patents},
note={US Patent App. 14/019,219}
}

@misc{yomtov2015physiologically,
title={Physiologically responsive VAD},
author={Yomtov, B.M.},
url={https://www.google.com/patents/US20150057488},
year={2015},
publisher={Google Patents},
note={US Patent App. 14/483,251}
}

@misc{bourque2015generating,
title={Generating Artificial Pulse},
author={Bourque, K.},
url={https://www.google.com/patents/US20150148587},
year={2015},
publisher={Google Patents},
note={US Patent App. 14/592,630}
}

@misc{brown2015methods,
title={Methods and Devices For Identifying Suction Events},
author={Brown, M.C. and Voskoboynikov, N.},
url={https://www.google.com/patents/US20150367048},
year={2015},
publisher={Google Patents},
note={US Patent App. 14/743,166}
}

@misc{medvedev2016method,
title={Blood pump and method of suction detection},
author={Medvedev, A. and Rainier, J.B. and Sami, M.K.},
url={https://www.google.com/patents/WO2016033131A1?cl=en},
year={2016},
publisher={Google Patents},
note={WO Patent App. PCT/US2015/046,844}
}

@misc{larose2005sensorless,
title={Sensorless flow estimation for implanted ventricle assist device},
author={Larose, J.A. and Singh, U.},
url={https://www.google.com/patents/WO2005115539A2?cl=en},
year={2005},
publisher={Google Patents},
note={WO Patent App. PCT/US2005/018,333}
}

@article{martina2014noninvasive,
title={Noninvasive arterial blood pressure waveforms in patients with continuous-flow left ventricular assist devices},
author={Martina, Jerson R and Westerhof, Berend E and de Jonge, Nicolaas and van Goudoever, Jeroen and Westers, Paul and Chamuleau, Steven and van Dijk, Diederik and Rodermans, Ben FM and de Mol, Bas AJM and Lahpor, Jaap R},
journal={ASAIO Journal},
volume={60},
number={2},
pages={154-161},
year={2014},
publisher={LWW}
}

@article {Lim_2014,
author = {Lim, Einly and Salamonsen, Robert Francis and Mansouri, Mahdi and Gaddum, Nicholas and Mason, David Glen and Timms, Daniel L. and Stevens, Michael Charles and Fraser, John and Akmeliawati, Rini and Lovell, Nigel Hamilton},
title = {Hemodynamic Response to Exercise and Head-Up Tilt of Patients Implanted With a Rotary Blood Pump: A Computational Modeling Study},
journal = {Artificial Organs},
volume = {39},
number = {2},
issn = {1525-1594},
doi = {10.1111/aor.12370},
pages = {24-35},
keywords = {Implantable rotary blood pumps, Computational modeling, Exercise, Head-up tilt},
year = {2015},
language={english},
}

@article {heartmate_speed_modulations,
author = {Pirbodaghi, Tohid and Cotter, Chris and Bourque, Kevin},
title = {Power Consumption of Rotary Blood Pumps: Pulsatile Versus Constant-Speed Mode},
journal = {Artificial Organs},
volume = {38},
number = {12},
issn = {1525-1594},
doi = {10.1111/aor.12323},
pages = {1024-1028},
keywords = {Rotary blood pump, Power consumption, Speed modulation, Pulsatile flow},
year = {2014},
language={english},
}

@article{lund2012derived,
title={Derived and displayed power consumption, flow, and pulsatility over a range of HeartMate II left ventricular assist device settings},
author={Lund, Lars H and Gabrielsen, Anders and Tir{\'e}n, Linnea and Hallberg, Ann and El Karlsson, Kerstin and Eriksson, Maria J},
journal={ASAIO Journal},
volume={58},
number={3},
pages={183-190},
year={2012},
publisher={LWW},
language={english},
}

@INPROCEEDINGS{4463021, 
author={D. M. Karantonis and S. L. Cloherty and D. G. Mason and R. F. Salamonsen and P. J. Ayre and N. H. Lovell}, 
booktitle={28th Annual International Conference of the IEEE Engineering in Medicine and Biology Society}, 
title={Automated Non-invasive Detection of Pumping States in an Implantable Rotary Blood Pump}, 
year={2006}, 
pages={5386-5389}, 
keywords={cardiology;decision trees;haemodynamics;impellers;medical control systems;prosthetics;pumps;regression analysis;aortic valve nonopening;automated noninvasive detection;classification-and-regression tree;flow dynamics;heart pumping states;implantable rotary blood pump;left ventricular assist devices;pump flow control;pump impeller speed;regurgitant pump flow;ventricle wall partial collapse;ventricular ejection;Animals;Blood;Classification tree analysis;Heart;Humans;Impellers;Regression tree analysis;Signal analysis;State feedback;Valves}, 
doi={10.1109/IEMBS.2006.259725}, 
ISSN={1557-170X}, 
month={Aug},
language={english},
}

@article{kirklin2010second,
title={Second INTERMACS Annual Report: More Than 1000 Primary LVAD Implants},
author={Kirklin, James K and Naftel, David C and Kormos, Robert L and Stevenson, Lynne W and Pagani, Francis D and Miller, Marissa A and Ulisney, Karen L and Baldwin, J Timothy and Young, James B},
journal={The Journal of Heart and Lung Transplantation},
volume={29},
number={1},
pages={1-10},
year={2010},
publisher={NIH Public Access}
}

@article{Schmitto20121223,
title = "Two axial-flow Synergy Micro-Pumps as a biventricular assist device in an ovine animal model ",
journal = "The Journal of Heart and Lung Transplantation",
volume = "31",
number = "11",
pages = "1223-1229",
year = "2012",
issn = "1053-2498",
doi = "http://dx.doi.org/10.1016/j.healun.2012.08.008",
author = "Jan D. Schmitto and Daniel Burkhoff and Murat Avsar and Oliver Fey and Petra Ziehme and Gwen Buechler and Axel Haverich and Martin Strueber",
}

@article{Aissaoui2013186,
title = "Temporary right ventricular mechanical circulatory support for the management of right ventricular failure in critically ill patients ",
journal = "The Journal of Thoracic and Cardiovascular Surgery ",
volume = "146",
number = "1",
pages = "186-191",
year = "2013",
issn = "0022-5223",
doi = "http://dx.doi.org/10.1016/j.jtcvs.2013.01.044",
author = "Nadia Aissaoui and Michiel Morshuis and Michael Schoenbrodt and Kavous Hakim Meibodi and Lukasz Kizner and Jochen BÃ¶rgermann and Jan Gummert"
}

@article{morgan2013impact,
title={Impact of continuous-flow left ventricular assist device support on right ventricular function},
author={Morgan, Jeffrey A and Paone, Gaetano and Nemeh, Hassan W and Murthy, Raghav and Williams, Celeste T and Lanfear, David E and Tita, Cristina and Brewer, Robert J},
journal={The Journal of Heart and Lung Transplantation},
volume={32},
number={4},
pages={398-403},
year={2013},
publisher={Elsevier}
}

@article {SunH1499,
author = {Sun, Y. and Beshara, M. and Lucariello, R. J. and Chiaramida, S. A.},
title = {A comprehensive model for right-left heart interaction under the influence of pericardium and baroreflex},
volume = {272},
number = {3},
pages = {1499-1515},
year = {1997},
publisher = {American Physiological Society},
journal = {American Journal of Physiology}
}

@article{Drakos20101030,
title = "Risk Factors Predictive of Right Ventricular Failure After Left Ventricular Assist Device Implantation",
journal = "The American Journal of Cardiology ",
volume = "105",
number = "7",
pages = "1030-1035",
year = "2010",
issn = "0002-9149",
doi = "http://dx.doi.org/10.1016/j.amjcard.2009.11.026",
author = "Stavros G. Drakos and Lindsay Janicki and Benjamin D. Horne and Abdallah G. Kfoury and Bruce B. Reid and Stephen Clayson and Kenneth Horton and Francois Haddad and Dean Y. Li and Dale G. Renlund and Patrick W. Fisher"
}

@article{valika2012review,
title={A Review of Long-Term Mechanical Circulatory Support as Destination Therapy: Evolving Paradigms for Treatment of Advanced Heart Failure},
author={Valika, Ali A and Cotts, William},
journal={ISRN Transplantation},
volume={2013},
year={2013},
publisher={Hindawi Publishing Corporation},
pages = {1-5},
doi = {http://dx.doi.org/10.5402/2013/714373},
}

@article{faragallah2013engineering,
title={An Engineering Analysis of the Aortic Valve Dynamics in Patients with Rotary Left Ventricular Assist Devices},
author={Faragallah, George and Simaan, Marwan},
journal={Journal of healthcare engineering},
volume={4},
number={3},
pages={307-327},
year={2013},
publisher={Hindawi Publishing Corporation}
}

@article{bozkurt2013evaluating,
title={Evaluating the hemodynamical response of a cardiovascular system under support of a continuous flow left ventricular assist device via numerical modeling and simulations},
author={Bozkurt, Selim and Safak, Koray K},
journal={Computational and mathematical methods in medicine},
volume={2013},
year={2013},
publisher={Hindawi Publishing Corporation},
pages={1-12},
doi={http://dx.doi.org/10.1155/2013/986430}
}

@article {HF_stat,
author = {Ponikowski, Piotr and Anker, Stefan D. and AlHabib, Khalid F. and Cowie, Martin R. and Force, Thomas L. and Hu, Shengshou and Jaarsma, Tiny and Krum, Henry and Rastogi, Vishal and Rohde, Luis E. and Samal, Umesh C. and Shimokawa, Hiroaki and Budi Siswanto, Bambang and Sliwa, Karen and Filippatos, Gerasimos},
title = {Heart failure: preventing disease and death worldwide},
journal = {ESC Heart Failure},
volume = {1},
number = {1},
issn = {2055-5822},
doi = {10.1002/ehf2.12005},
pages = {4-25},
year = {2014},
language={english},
}

@article{aissaoui2014comparison,
  title={Comparison of biventricular and left ventricular assist devices for the management of severe right ventricular dysfunction in patients with end-stage heart failure},
  author={Aissaoui, Nadia and Morshuis, Michiel and Paluszkiewicz, Lech and Lauenroth, Volker and B{\"o}rgermann, Jochen and Gummert, Jan},
  journal={ASAIO journal},
  volume={60},
  number={4},
  pages={400-406},
  year={2014},
  publisher={LWW},
language={english},
}

@article {Lo_2015_RVF,
author = {Lo, Casey and Murphy, Deirdre and Summerhayes, Robyn and Quayle, Margaret and Burrell, Aiden and Bailey, Michael and Marasco, Silvana F.},
title = {Right ventricular failure after implantation of continuous flow left ventricular assist device: analysis of predictors and outcomes},
journal = {Clinical Transplantation},
volume = {29},
number = {9},
issn = {1399-0012},
doi = {10.1111/ctr.12577},
pages = {763-770},
year = {2015},
language={english},
}

@article{Lampert20151123,
title = "Right ventricular failure after left ventricular assist devices ",
journal = "The Journal of Heart and Lung Transplantation ",
volume = "34",
number = "9",
pages = "1123-1130",
year = "2015",
issn = "1053-2498",
doi = "http://dx.doi.org/10.1016/j.healun.2015.06.015",
author = "Brent C. Lampert and Jeffrey J. Teuteberg",
language={english},
}


@article{JTD1934,
author = {Mihalis Argiriou and Styliani-Maria Kolokotron and Timothy Sakellaridis and Orestis Argiriou and Christos Charitos and Paul Zarogoulidis and Nikolaos Katsikogiannis and Ioanna Kougioumtzi and Nikolaos Machairiotis and Theodora Tsiouda and Kosmas Tsakiridis and Konstantinos Zarogoulidis},
title = {Right heart failure post left ventricular assist device implantation},
journal = {Journal of Thoracic Disease},
volume = {6},
number = {1},
pages={52-59},
year = {2014},
issn = {2077-6624},
language={english},
}

@article{Dandel2015241,
title = "Left ventricular versus biventricular mechanical support: Decision making and strategies for avoidance of right heart failure after left ventricular assist device implantation",
journal = "International Journal of Cardiology ",
volume = "198",
number = "1",
pages = "241-250",
year = "2015",
issn = "0167-5273",
doi = "http://dx.doi.org/10.1016/j.ijcard.2015.06.103",
author = "Michael Dandel and Thomas Krabatsch and Volkmar Falk",
}

@article {Loforte_2013,
author = {Loforte, Antonio and Stepanenko, Alexander and Potapov, Evgenij V. and Musumeci, Francesco and Dranishnikov, Nikolay and Schweiger, Martin and Montalto, Andrea and Pasic, Miralem and Weng, Yuguo and Dandel, Michael and Siniawski, Henryk and Kukucka, Marian and Krabatsch, Thomas and Hetzer, Roland},
title = {Temporary Right Ventricular Mechanical Support in High-Risk Left Ventricular Assist Device Recipients Versus Permanent Biventricular or Total Artificial Heart Support},
journal = {Artificial Organs},
volume = {37},
number = {6},
issn = {1525-1594},
doi = {10.1111/aor.12038},
pages = {523-530},
year = {2013},
language={english},
}

@article{Karimov2016651,
title = "Limitations to Chronic Right Ventricular Assist Device Support",
journal = "The Annals of Thoracic Surgery ",
volume = "102",
number = "2",
pages = "651-658",
year = "2016",
issn = "0003-4975",
doi = "http://dx.doi.org/10.1016/j.athoracsur.2016.02.006",
author = "Jamshid H. Karimov and Gengo Sunagawa and David Horvath and Kiyotaka Fukamachi and Randall C. Starling and Nader Moazami",
language={english},
}

@article{Potapov20161268,
title = "Biventricular support using 2 HeartMate 3 pumps ",
journal = "The Journal of Heart and Lung Transplantation ",
volume = "35",
number = "10",
pages = "1268-1270",
year = "2016",
issn = "1053-2498",
doi = "http://dx.doi.org/10.1016/j.healun.2016.07.013",
author = "Evgenij V. Potapov and Marian Kukucka and Volkmar Falk and Thomas Krabatsch",
language={english},
}


@article{mahr_intermittent_9000,
	title = {Intermittent {Aortic} {Valve} {Opening} and {Risk} of {Thrombosis} in {VAD} {Patients}.},
	issn = {1058-2916},
	journal = {ASAIO Journal},
	author = {Mahr, Claudius and Chivukula, Venkat Keshav and McGah, Patrick and Prisco, Anthony R. and Beckman, Jennifer A. and Mokadam, Nahush A. and Aliseda, Alberto},
	year = {2017},
}

@article{aggarwal_incidence_2012,
	title = {Incidence and {Management} of {Gastrointestinal} {Bleeding} {With} {Continuous} {Flow} {Assist} {Devices}},
	volume = {93},
	issn = {0003-4975},
	doi = {http://dx.doi.org/10.1016/j.athoracsur.2012.02.035},
	number = {5},
	journal = {The Annals of Thoracic Surgery},
	author = {Aggarwal, Ashim and Pant, Rojina and Kumar, Shivani and Sharma, Priya and Gallagher, Colleen and Tatooles, Antone J. and Pappas, Pat S. and Bhat, Geetha},
	year = {2012},
	pages = {1534-1540}
}

@article{wever_pulsatility_2013,
	title = {Pulsatility and the Risk of Nonsurgical Bleeding in Patients Supported With the Continuous-Flow Left Ventricular Assist Device HeartMate II},
	volume = {6},
	issn = {1941-3289},
	doi = {10.1161/CIRCHEARTFAILURE.112.000206},
	number = {3},
	journal = {Circulation: Heart Failure},
	author = {Wever-Pinzon, Omar and Selzman, Craig H. and Drakos, Stavros G. and Saidi, Abdulfattah and Stoddard, Gregory J. and Gilbert, Edward M. and Labedi, Mohamed and Reid, Bruce B. and Davis, Erin S. and Kfoury, Abdallah G. and Li, Dean Y. and Stehlik, Josef and Bader, Feras},
	year = {2013},
	pages = {517-526}
}

@article{ottenberg_choices_2014,
	title = {Choices for Patients Without a Choice},
	volume = {7},
	issn = {1941-7705},
	doi = {10.1161/CIRCOUTCOMES.113.000660},
	number = {3},
	journal = {Circulation: Cardiovascular Quality and Outcomes},
	author = {Ottenberg, Abigale L. and Cook, Katlyn E. and Topazian, Rachel J. and Mueller, Luke A. and Mueller, Paul S. and Swetz, Keith M.},
	year = {2014},
	pages = {368-373}
}

@article{selzman_bridge_2015,
	title = {Bridge to Removal: A Paradigm Shift for Left Ventricular Assist Device Therapy},
	volume = {99},
	issn = {0003-4975},
	doi = {http://dx.doi.org/10.1016/j.athoracsur.2014.07.061},
	number = {1},
	journal = {The Annals of Thoracic Surgery},
	author = {Selzman, Craig H. and Madden, Jesse L. and Healy, Aaron H. and McKellar, Stephen H. and Koliopoulou, Antigone and Stehlik, Josef and Drakos, Stavros G.},
	year = {2015},
	pages = {360-367}
}

@article{drakos_clinical_2016,
	title = {Clinical myocardial recovery during long-term mechanical support in advanced heart failure: {Insights} into moving the field forward},
	volume = {35},
	issn = {1053-2498},
	doi = {http://dx.doi.org/10.1016/j.healun.2016.01.001},
	number = {4},
	journal = {The Journal of Heart and Lung Transplantation},
	author = {Drakos, Stavros G. and Mehra, Mandeep R.},
	year = {2016},
	pages = {413-420}
}

@article{wever2016cardiac,
  title={Cardiac recovery during long-term left ventricular assist device support},
  author={Wever-Pinzon, Omar and Drakos, Stavros G and McKellar, Stephen H and Horne, Benjamin D and Caine, William T and Kfoury, Abdallah G and Li, Dean Y and Fang, James C and Stehlik, Josef and Selzman, Craig H},
  journal={Journal of the American College of Cardiology},
  volume={68},
  number={14},
  pages={1540-1553},
  year={2016},
  publisher={Elsevier}
}

@article{newman_biomechanics_2010,
	title = {Biomechanics of the aortic valve in the continuous flow {VAD}-assisted heart},
	volume = {56},
	number = {4},
	journal = {ASAIO Journal},
	author = {May-Newman, Karen and Enriquez-Almaguer, Luz and Posuwattanakul, Phanthiwa and Dembitsky, Walter},
	year = {2010},
	pages = {301-308}
}

@article{schima_noninvasive_1992,
	title = {Noninvasive {Monitoring} of {Rotary} {Blood} {Pumps}: {Necessity}, {Possibilities}, and {Limitations}},
	volume = {16},
	issn = {1525-1594},
	doi = {10.1111/j.1525-1594.1992.tb00293.x},
	number = {2},
	journal = {Artificial Organs},
	author = {Schima, Heinrich and Trubel, Wolfgang and Moritz, Anton and Wieselthaler, Georg and Stohr, Hans G. and Thoma, Herwig and Losert, Udo and Wolner, Ernst},
	year = {1992},
	pages = {195-202}
}

@article{vollkron_suction_2007,
	title = {Suction {Events} {During} {Left} {Ventricular} {Support} and {Ventricular} {Arrhythmias}},
	volume = {26},
	issn = {1053-2498},
	doi = {http://dx.doi.org/10.1016/j.healun.2007.05.011},
	number = {8},
	journal = {The Journal of Heart and Lung Transplantation},
	author = {Vollkron, Michael and Voitl, Peter and Ta, Julia and Wieselthaler, Georg and Schima, Heinrich},
	year = {2007},
	pages = {819-825}
}

@article{giridharan_hemodynamic_2015,
	title = {Hemodynamic changes and retrograde flow in {LVAD} failure},
	volume = {61},
	number = {3},
	journal = {ASAIO Journal},
	author = {Giridharan, Guruprasad A and Koenig, Steven C and Soucy, Kevin G and Choi, Young and Pirbodaghi, Tohid and Bartoli, Carlo R and Monreal, Gretel and Sobieski, Michael A and Schumer, Erin and Cheng, Allen and {others}},
	year = {2015},
	pages = {282-291}
}

@article{holtz_management_2014,
	title = {Management of {Aortic} {Insufficiency} in the {Continuous} {Flow} {Left} {Ventricular} {Assist} {Device} {Population}},
	volume = {11},
	issn = {1546-9549},
	doi = {10.1007/s11897-013-0172-6},
	number = {1},
	journal = {Current Heart Failure Reports},
	author = {Holtz, Jonathan and Teuteberg, Jeffrey},
	year = {2014},
	pages = {103-110}
}

@inproceedings{ayre_identifying_2001,
	title = {Identifying physiologically significant pumping state transitions in implantable rotary blood pumps used as left ventricular assist devices: an in-vivo study},
	doi = {10.1109/IEMBS.2001.1018958},
	booktitle = {23rd Annual International Conference of the IEEE Engineering in Medicine and Biology Society},
	author = {Ayre, P. J. and Lovell, N. H. and Morris, R. W. and Wilson, M. L. and Woodard, J. C.},
	year = {2001},
	pages = {445-448}
}

@article{heinke_modeling_2015,
	title = {Modeling a healthy and a person with heart failure conditions using the object-oriented modeling environment {Dymola}},
	volume = {53},
	issn = {1741-0444},
	doi = {10.1007/s11517-015-1384-6},
	number = {10},
	journal = {Medical \& Biological Engineering \& Computing},
	author = {Heinke, Stefanie and Pereira, Carina and Leonhardt, Steffen and Walter, Marian},
	year = {2015},
	pages = {1049-1068}
}

@article{salamonsen_anatomy_2015,
	title = {Anatomy and {Physiology} of {Left} {Ventricular} {Suction} {Induced} by {Rotary} {Blood} {Pumps}},
	volume = {39},
	issn = {1525-1594},
	doi = {10.1111/aor.12550},
	number = {8},
	journal = {Artificial Organs},
	author = {Salamonsen, Robert Francis and Lim, Einly and Moloney, John and Lovell, Nigel Hamilton and Rosenfeldt, Franklin L.},
	year = {2015},
	pages = {681-690}
}

@article{schloglhofer_international,
	title = {International coordinator survey results on the outpatient management of patients with the {HeartWare} ventricular assist system},
	volume = {39},
	issn = {0391-3988},
	journal = {International Journal of Artificial Organs},
	doi = {10.5301/ijao.5000538},
	number = {11},
	author = {Schl{\"o}glhofer, Thomas and Robson, Desiree and Bancroft, Jayne and S{\o}rensen, Gro and Kaufmann, Friedrich and Sweet, Leslie and Wrightson, Neil},
	pages = {553-557},
}

@article {vest_2014,
author = {ÐÑÐºÐ¾Ð², Ð. Ð. and ÐÑÐºÐ¸Ð½, Ð. Ð.},
title = {ÐÑÐµÐ½ÐºÐ° ÑÐ¾ÑÑÐ¾ÑÐ½Ð¸Ñ Ð°Ð¾ÑÑÐ°Ð»ÑÐ½Ð¾Ð³Ð¾ ÐºÐ»Ð°Ð¿Ð°Ð½Ð° Ð¿ÑÐ¸ Ð¼ÐµÑÐ°Ð½Ð¸ÑÐµÑÐºÐ¾Ð¹ Ð¿Ð¾Ð´Ð´ÐµÑÐ¶ÐºÐµ ÐºÑÐ¾Ð²Ð¾Ð¾Ð±ÑÐ°ÑÐµÐ½Ð¸Ñ Ñ Ð¸ÑÐ¿Ð¾Ð»ÑÐ·Ð¾Ð²Ð°Ð½Ð¸ÐµÐ¼ Ð¼Ð°ÑÐµÐ¼Ð°ÑÐ¸ÑÐµÑÐºÐ¾Ð¹ Ð¼Ð¾Ð´ÐµÐ»Ð¸},
journal = {ÐÐµÑÑÐ½Ð¸Ðº ÑÑÐ°Ð½ÑÐ¿Ð»Ð°Ð½ÑÐ¾Ð»Ð¾Ð³Ð¸Ð¸ Ð¸ Ð¸ÑÐºÑÑÑÑÐ²ÐµÐ½Ð½ÑÑ Ð¾ÑÐ³Ð°Ð½Ð¾Ð²},
number = {4},
pages = {62-67},
year = {2014},
}

@article {vest_2015,
author = {ÐÑÐºÐ¸Ð½, Ð. Ð. and Ð¤Ð¸Ð»Ð°ÑÐ¾Ð², Ð. Ð. and ÐÐ¾Ð·Ð¾ÑÐ¾Ð², Ð. Ð. and ÐÐ´Ð°ÑÐºÐ¸Ð½, Ð. Ð.},
title = {ÐÐ¾ÑÐ²ÐµÐ½Ð½ÑÐµ Ð¼ÐµÑÐ¾Ð´Ñ Ð¾Ð¿ÑÐµÐ´ÐµÐ»ÐµÐ½Ð¸Ñ ÑÐ°ÑÑÐ¾Ð´Ð° Ð¸ Ð½Ð°Ð¿Ð¾ÑÐ° ÑÐ¾ÑÐ¾ÑÐ½ÑÑ Ð½Ð°ÑÐ¾ÑÐ¾Ð² Ð´Ð»Ñ ÐºÑÐ¾Ð²Ð¸},
journal = {ÐÐµÑÑÐ½Ð¸Ðº ÑÑÐ°Ð½ÑÐ¿Ð»Ð°Ð½ÑÐ¾Ð»Ð¾Ð³Ð¸Ð¸ Ð¸ Ð¸ÑÐºÑÑÑÑÐ²ÐµÐ½Ð½ÑÑ Ð¾ÑÐ³Ð°Ð½Ð¾Ð²},
number = {4},
pages = {97-102},
year = {2015},
}


@article{arndt_fully_2010,
	title = {Fully {Autonomous} {Preload}-{Sensitive} {Control} of {Implantable} {Rotary} {Blood} {Pumps}},
	volume = {34},
	issn = {1525-1594},
	doi = {10.1111/j.1525-1594.2010.01092.x},
	number = {9},
	journal = {Artificial Organs},
	author = {Arndt, Andreas and NÃ¼sser, Peter and Lampe, Bernhard},
	year = {2010},
	pages = {726-735}
}

@article{bertram2005measurement,
  title={Measurement for implantable rotary blood pumps},
  author={Bertram, CD},
  journal={Physiological measurement},
  volume={26},
  number={4},
  pages={99-117},
  year={2005},
  publisher={IOP Publishing}
}

@misc{drakos2017advancing,
  title={Advancing the science of myocardial recovery with mechanical circulatory support: a working group of the National, Heart, Lung and Blood Institute},
  author={Drakos, Stavros G and Pagani, Francis D and Lundberg, Martha S and Baldwin, J Timothy},
  year={2017},
  publisher={Elsevier}
}

@article {advanced_development_2011,
author = {ÐÐ´Ð°ÑÐºÐ¸Ð½, ÐÐ»ÐµÐºÑÐ°Ð½Ð´Ñ and ÐÐ¾Ð·Ð¾ÑÐ¾Ð², ÐÐ¾Ð½ÑÑÐ°Ð½ÑÐ¸Ð½ and Ð¡ÑÐ¸ÑÐµÐ½ÐºÐ¾, ÐÐ»ÐµÐºÑÐ°Ð½Ð´Ñ and Ð¤Ð¸Ð»Ð°ÑÐ¾Ð², ÐÐ³Ð¾ÑÑ and ÐÑÐºÐ¸Ð½, ÐÐµÐ¾ÑÐ³Ð¸Ð¹ and ÐÐ¾Ð½ÑÑÐµÐ²Ð°, ÐÐ»ÐµÐ½Ð°},
title = {Ð Ð°Ð·ÑÐ°Ð±Ð¾ÑÐºÐ° Ð½Ð¾ÑÐ¸Ð¼Ð¾Ð³Ð¾ Ð±Ð»Ð¾ÐºÐ° ÑÐ¿ÑÐ°Ð²Ð»ÐµÐ½Ð¸Ñ Ð¸Ð¼Ð¿Ð»Ð°Ð½ÑÐ¸ÑÑÐµÐ¼ÑÐ¼ Ð¾ÑÐµÐ²ÑÐ¼ Ð½Ð°ÑÐ¾ÑÐ¾Ð¼ ÑÐ¸ÑÑÐµÐ¼Ñ Ð²ÑÐ¿Ð¾Ð¼Ð¾Ð³Ð°ÑÐµÐ»ÑÐ½Ð¾Ð³Ð¾ ÐºÑÐ¾Ð²Ð¾Ð¾Ð±ÑÐ°ÑÐµÐ½Ð¸Ñ},
journal = {ÐÐ¸Ð¾ÑÐµÑÐ½Ð¾ÑÑÐµÑÐ°},
volume={4},
number = {16},
issn = {2073-4824},
pages = {24-27},
year = {2011},
}

@misc{dozorov_2009,
author = {ÐÐ¾Ð·Ð¾ÑÐ¾Ð², Ð Ð},
title = {ÐÐ¸Ð¾ÑÐµÑÐ½Ð¸ÑÐµÑÐºÐ°Ñ ÑÐ¸ÑÑÐµÐ¼Ð° Ð¼Ð¾Ð½Ð¸ÑÐ¾ÑÐ¸Ð½Ð³Ð° Ð¸ ÑÐ¿ÑÐ°Ð²Ð»ÐµÐ½Ð¸Ñ Ð²ÑÐ¿Ð¾Ð¼Ð¾Ð³Ð°ÑÐµÐ»ÑÐ½ÑÐ¼ ÑÐ¾ÑÐ¾ÑÐ½ÑÐ¼ Ð½Ð°ÑÐ¾ÑÐ¾Ð¼ ÐºÑÐ¾Ð²Ð¸: Ð°Ð²ÑÐ¾ÑÐµÑÐµÑÐ°Ñ Ð´Ð¸ÑÑÐµÑÑÐ°ÑÐ¸Ð¸ ÐºÐ°Ð½Ð´Ð¸Ð´Ð°ÑÐ° ÑÐµÑÐ½Ð¸ÑÐµÑÐºÐ¸Ñ Ð½Ð°ÑÐº: 05.11.17 / ÐÐÐ¢Ð£ Ð¸Ð¼. Ð. Ð­. ÐÐ°ÑÐ¼Ð°Ð½Ð°, ÐÐ¾ÑÐºÐ²Ð°. },
school = {ÐÐÐ¢Ð£ Ð¸Ð¼. Ð. Ð­. ÐÐ°ÑÐ¼Ð°Ð½Ð°, ÐÐ¾ÑÐºÐ²Ð°},
year = {2009. Ð¡. 16},
}

@misc{solod_1994,
author = {Ð¡Ð¾Ð»Ð¾Ð´ÑÐ½Ð½Ð¸ÐºÐ¾Ð², Ð® Ð},
title = {Ð­Ð»ÐµÐ¼ÐµÐ½ÑÑ Ð¼Ð°ÑÐµÐ¼Ð°ÑÐ¸ÑÐµÑÐºÐ¾Ð³Ð¾ Ð¼Ð¾Ð´ÐµÐ»Ð¸ÑÐ¾Ð²Ð°Ð½Ð¸Ñ Ð¸ Ð¸Ð´ÐµÐ½ÑÐ¸ÑÐ¸ÐºÐ°ÑÐ¸Ñ ÑÐ¸ÑÑÐµÐ¼Ñ ÐºÑÐ¾Ð²Ð¾Ð¾Ð±ÑÐ°ÑÐµÐ½Ð¸Ñ: Ð¼Ð¾Ð½Ð¾Ð³ÑÐ°ÑÐ¸Ñ // ÐÐ·Ð´Ð°ÑÐµÐ»ÑÑÑÐ²Ð¾ Ð¡Ð°Ð¼Ð°ÑÑÐºÐ¾Ð³Ð¾ ÑÐ½Ð¸Ð²ÐµÑÑÐ¸ÑÐµÑÐ°},
institution = {ÐÐ·Ð´Ð°ÑÐµÐ»ÑÑÑÐ²Ð¾ Ð¡Ð°Ð¼Ð°ÑÑÐºÐ¾Ð³Ð¾ ÑÐ½Ð¸Ð²ÐµÑÑÐ¸ÑÐµÑÐ°},
year = {1994},
}

@misc{tmur_2014,
author = {Ð¢Ð¼ÑÑ, Ð Ð},
title = {ÐÐµÑÐ¾Ð´Ñ Ð¸Ð´ÐµÐ½ÑÐ¸ÑÐ¸ÐºÐ°ÑÐ¸Ð¸ ÑÐµÑÐ½Ð¾Ð»Ð¾Ð³Ð¸ÑÐµÑÐºÐ¾Ð³Ð¾ Ð¿ÑÐ¾ÑÐµÑÑÐ° ÑÑÑÐ±Ð¾Ð¿ÑÐ¾Ð²Ð¾Ð´Ð½Ð¾Ð³Ð¾ ÑÑÐ°Ð½ÑÐ¿Ð¾ÑÑÐ° Ð½ÐµÑÑÐ¸: Ð°Ð²ÑÐ¾ÑÐµÑÐµÑÐ°Ñ Ð´Ð¸ÑÑÐµÑÑÐ°ÑÐ¸Ð¸ ÐºÐ°Ð½Ð´Ð¸Ð´Ð°ÑÐ° ÑÐµÑÐ½Ð¸ÑÐµÑÐºÐ¸Ñ Ð½Ð°ÑÐº: 05.13.06 / ÐÐ½ÑÑÐ¸ÑÑÑ Ð¿ÑÐ¾Ð±Ð»ÐµÐ¼ ÑÐ¿ÑÐ°Ð²Ð»ÐµÐ½Ð¸Ñ Ð¸Ð¼. Ð. Ð. Ð¢ÑÐ°Ð¿ÐµÐ·Ð½Ð¸ÐºÐ¾Ð²Ð° Ð Ð¾ÑÑÐ¸Ð¹ÑÐºÐ¾Ð¹ Ð°ÐºÐ°Ð´ÐµÐ¼Ð¸Ð¸ Ð½Ð°ÑÐº, ÐÐ¾ÑÐºÐ²Ð°},
school = {},
year = {2014. Ð¡. 23.},
}

@article{rich2017hvad,
  title={HVAD Flow Waveform Morphologies: Theoretical Foundation and Implications for Clinical Practice},
  author={Rich, Jonathan D and Burkhoff, Daniel},
  journal={ASAIO Journal},
  volume={63},
  number={5},
  pages={526-535},
  year={2017},
  publisher={Wolters Kluwer Health}
}

@article{amacher2014synchronized,
  title={Synchronized pulsatile speed control of turbodynamic left ventricular assist devices: review and prospects},
  author={Amacher, Raffael and Ochsner, Gregor and Schmid Daners, Marianne},
  journal={Artificial organs},
  volume={38},
  number={10},
  pages={867-875},
  year={2014},
  publisher={Wiley Online Library}
}

@article{simaan2009dynamical,
  title={A dynamical state space representation and performance analysis of a feedback-controlled rotary left ventricular assist device},
  author={Simaan, Marwan A and Ferreira, Antonio and Chen, Shaohi and Antaki, James F and Galati, David G},
  journal={IEEE Transactions on Control Systems Technology},
  volume={17},
  number={1},
  pages={15-28},
  year={2009},
  publisher={IEEE}
}

@article {waters1999,
author = {Waters and Allaire and Tao and Adams and Bearnson and Wei and Hilton and Baloh and Olsen and Khanwilkar},
title = {Motor Feedback Physiological Control for a Continuous Flow Ventricular Assist Device},
journal = {Artificial Organs},
volume = {23},
number = {6},
publisher = {Blackwell Science Inc},
issn = {1525-1594},
doi = {10.1046/j.1525-1594.1999.06386.x},
pages = {480-486},
year = {1999},
}

@article {giridharan2002,
author = {Giridharan, Guruprasad A. and Skliar, Mikhail},
title = {Nonlinear Controller for Ventricular Assist Devices},
journal = {Artificial Organs},
volume = {26},
number = {11},
publisher = {Blackwell Science Inc},
issn = {1525-1594},
doi = {10.1046/j.1525-1594.2002.07136.x},
pages = {980-984},
keywords = {Automatic feedback control, Rotary blood pumps, Ventricular assist devices},
year = {2002},
}

@article {giridharan2006,
author = {Giridharan, Guruprasad A. and Skliar, Mikhail},
title = {Physiological Control of Blood Pumps Using Intrinsic Pump Parameters: A Computer Simulation Study},
journal = {Artificial Organs},
volume = {30},
number = {4},
publisher = {Blackwell Publishing Inc},
issn = {1525-1594},
doi = {10.1111/j.1525-1594.2006.00217.x},
pages = {301-307},
keywords = {Ventricular assist device, Rotary blood pumps, Physiological control, Model-based estimation},
year = {2006},
}

@article{umeki2013change,
  title={Change in myocardial oxygen consumption employing continuous-flow LVAD with cardiac beat synchronizing system, in acute ischemic heart failure models},
  author={Umeki, Akihide and Nishimura, Takashi and Takewa, Yoshiaki and Ando, Masahiko and Arakawa, Mamoru and Kishimoto, Yuichiro and Tsukiya, Tomonori and Mizuno, Toshihide and Kyo, Shunei and Ono, Minoru and others},
  journal={Journal of Artificial Organs},
  volume={16},
  number={2},
  pages={119},
  year={2013},
  publisher={Springer Science \& Business Media}
}

@Article{He2005,
author="He, P. and Bai, J. and Xia, D. D.",
title="Optimum control of the Hemopump as a left-ventricular assist device",
journal="Medical and Biological Engineering and Computing",
year="2005",
month="Feb",
day="01",
volume="43",
number="1",
pages="136-141",
abstract="A general framework for designing an optimum control strategy for the Hemopump is described. An objective function was defined that includes four membership functions, each constructed based on the desired values of one of the four members: stroke volume, mean left atrial pressure, aortic diastolic pressure and mean pump rotation speed. The Hemopump was allowed to operate either at a constant speed or at two different speeds during a cardiac cycle. The goal was to maximise the objective function by varying the magnitude and timing of the pump speed. Using a canine circulatory model, it was demonstrated that, in general, different cardiac conditions or different clinical objectives require different operation parameters. For example, when a left ventricle with minor ischaemia was simulated, and the main objective was to increase stoke volume, the objective function was maximised, from a value of 0.877 when the pump was off, to 0.946 when the pump was operated at speed 2 (18 500-revolutions minâ1). 
On the other hand, for a severely ischaemic heart, the optimum pump speed became speed 3 (20 000 revolutions minâ1), which maximized the objective function to 0.943 (from 0.707 when the pump was off). The results also suggest that it is more beneficial to operate the Hemopump at two different speeds during a cardiac cycle (a higher speed during systole and early diastole, and a lower speed during late diastole) than to maintain a constant speed throughout the cardiac cycle.",
issn="1741-0444",
doi="10.1007/BF02345135",
}

@article {ohuchi2001,
author = {Ohuchi, Katsuhiro and Kikugawa, Daiki and Takahashi, Kiyofumi and Uemura, Masahito and Nakamura, Makoto and Murakami, Taiji and Sakamoto, Tohru and Takatani, Setsuo},
title = {Control Strategy for Rotary Blood Pumps},
journal = {Artificial Organs},
volume = {25},
number = {5},
publisher = {Blackwell Science Inc},
issn = {1525-1594},
doi = {10.1046/j.1525-1594.2001.025005366.x},
pages = {366-370},
keywords = {Ventricular assist device, Centrifugal blood pump, Ventricular function, Left ventricular pressure, Motor current},
year = {2001},
}

@article {Vollkron2006,
author = {Vollkron, Michael and Schima, Heinrich and Huber, Leopold and Benkowski, Robert and Morello, Gino and Wieselthaler, Georg},
title = {Advanced Suction Detection for an Axial Flow Pump},
journal = {Artificial Organs},
volume = {30},
number = {9},
publisher = {Blackwell Publishing Inc},
issn = {1525-1594},
doi = {10.1111/j.1525-1594.2006.00282.x},
pages = {665-670},
keywords = {Assist device, Rotary blood pump, Suction, Ventricular unloading, Pump control, Speed adaptation},
year = {2006},
}

@article{tchantchaleishvili2017clinical,
  title={Clinical Implications of Physiologic Flow Adjustment in Continuous-Flow Left Ventricular Assist Devices},
  author={Tchantchaleishvili, Vakhtang and Luc, Jessica GY and Cohan, Caitlin M and Phan, Kevin and H{\"u}bbert, Laila and Day, Steven W and Massey, H Todd},
  journal={ASAIO Journal},
  volume={63},
  number={3},
  pages={241-250},
  year={2017},
  publisher={LWW}
}

@article{schmitto2015first,
  title={First implantation in man of a new magnetically levitated left ventricular assist device (HeartMate III)},
  author={Schmitto, Jan D and Hanke, Jasmin S and Rojas, Sebastian V and Avsar, Murat and Haverich, Axel},
  journal={The Journal of Heart and Lung Transplantation},
  volume={34},
  number={6},
  pages={858-860},
  year={2015},
  publisher={Elsevier}
}

@article{ising2011flow,
  title={Flow modulation algorithms for continuous flow left ventricular assist devices to increase vascular pulsatility: a computer simulation study},
  author={Ising, Mickey and Warren, Sean and Sobieski, Michael A and Slaughter, Mark S and Koenig, Steven C and Giridharan, Guruprasad A},
  journal={Cardiovascular engineering and technology},
  volume={2},
  number={2},
  pages={90-100},
  year={2011},
  publisher={Springer}
}

@article{bozkurt2016arterial,
  title={Arterial pulsatility under phasic left ventricular assist device support},
  author={Bozkurt, Selim and van Tuijl, Sjoerd and van de Vosse, Frans N and Rutten, Marcel},
  journal={Biomedical materials and engineering},
  volume={27},
  number={5},
  pages={451-460},
  year={2016},
  publisher={IOS Press}
}

@article{mason2008reliable,
  title={Reliable suction detection for patients with rotary blood pumps},
  author={Mason, David G and Hilton, Andrew K and Salamonsen, Robert F},
  journal={ASAIO Journal},
  volume={54},
  number={4},
  pages={359-366},
  year={2008},
  publisher={LWW}
}

@article{ayre2000sensorless,
  title={Sensorless flow and head estimation in the VentrAssist rotary blood pump},
  author={Ayre, PJ and Vidakovic, SS and Tansley, GD and Watterson, PA and Lovell, NH},
  journal={Artificial Organs},
  volume={24},
  number={8},
  pages={585-588},
  year={2000},
  publisher={Wiley Online Library}
}

@article{petrou2016physiological,
  title={A physiological controller for turbodynamic ventricular assist devices based on left ventricular systolic pressure},
  author={Petrou, Anastasios and Ochsner, Gregor and Amacher, Raffael and Pergantis, Panagiotis and Rebholz, Mathias and Meboldt, Mirko and Schmid Daners, Marianne},
  journal={Artificial organs},
  volume={40},
  number={9},
  pages={842-855},
  year={2016},
  publisher={Wiley Online Library}
}

@article{lai2017estimation,
  title={Estimation of left ventricular assist device pre-load using pump flow waveform analysis},
  author={Lai, Jacqueline V and Muthiah, Kavitha and Macdonald, Peter S and Jansz, Paul and Hayward, Christopher S},
  journal={The Journal of Heart and Lung Transplantation},
  volume={36},
  number={2},
  pages={240-242},
  year={2017},
  publisher={Elsevier}
}

@article{alomari2011non,
  title={Non-invasive estimation and control of inlet pressure in an implantable rotary blood pump for heart failure patients},
  author={AlOmari, AH and Savkin, AV and Ayre, PJ and Lim, E and Mason, DG and Salamonsen, RF and Fraser, JF and Lovell, NH},
  journal={Physiological measurement},
  volume={32},
  number={8},
  pages={1035-1061},
  year={2011},
  publisher={IOP Publishing}
}

@article{moscato2010left,
  title={Left ventricle afterload impedance control by an axial flow ventricular assist device: a potential tool for ventricular recovery},
  author={Moscato, Francesco and Arabia, Maurizio and Colacino, Francesco M and Naiyanetr, Phornphop and Danieli, Guido A and Schima, Heinrich},
  journal={Artificial organs},
  volume={34},
  number={9},
  pages={736-744},
  year={2010},
  publisher={Wiley Online Library}
}

@article{gao2012pulsatile,
  title={A pulsatile control algorithm of continuous-flow pump for heart recovery},
  author={Gao, Bin and Chang, Yu and Gu, Kaiyun and Zeng, Yi and Liu, Youjun},
  journal={ASAIO Journal},
  volume={58},
  number={4},
  pages={343-352},
  year={2012},
  publisher={LWW}
}

@article{moscato2012evaluation,
  title={Evaluation of left ventricular relaxation in rotary blood pump recipients using the pump flow waveform: a simulation study},
  author={Moscato, Francesco and Granegger, Marcus and Naiyanetr, Phornphop and Wieselthaler, Georg and Schima, Heinrich},
  journal={Artificial organs},
  volume={36},
  number={5},
  pages={470-478},
  year={2012},
  publisher={Wiley Online Library}
}

@article{wu2009adaptive,
  title={Adaptive physiological speed/flow control of rotary blood pumps in permanent implantation using intrinsic pump parameters},
  author={Wu, Yi},
  journal={ASAIO Journal},
  volume={55},
  number={4},
  pages={335-339},
  year={2009},
  publisher={LWW}
}

@article{takami1997flow,
  title={Flow characteristics and required control algorithm of an implantable centrifugal left ventricular assist device},
  author={Takami, Yoshiyuki and Otsuka, Goro and Mueller, Juergen and Ohashi, Yukio and Tayama, Eiki and Schima, Heinrich and Schmallegger, Helmut and Wolner, Ernst and Nos{\'e}, Yukihiko},
  journal={Heart and vessels},
  volume={12},
  number={2},
  pages={92-97},
  year={1997},
  publisher={Springer}
}

@article{xu2000computer,
  title={Computer modeling of interactions of an electric motor, circulatory system, and rotary blood pump},
  author={Xu, Longya and Fu, Minghua},
  journal={ASAIO journal},
  volume={46},
  number={5},
  pages={604-611},
  year={2000},
  publisher={LWW}
}

@article{kitamura2000physical,
  title={Physical Model-Based Indirect Measurements of Blood Pressure and Flow Using a Centrifugal Pump},
  author={Kitamura, Tadashi and Matsushima, Yuhei and Tokuyama, Toru and Kono, Satoshi and Nishimura, Kazunobu and Komeda, Masahiro and Yanai, Masamichi and Kijima, Toshihiko and Nojiri, Chisato},
  journal={Artificial organs},
  volume={24},
  number={8},
  pages={589-593},
  year={2000},
  publisher={Wiley Online Library}
}

@article{choi2007hemodynamic,
  title={Hemodynamic controller for left ventricular assist device based on pulsatility ratio},
  author={Choi, Seongjin and Boston, J Robert and Antaki, James F},
  journal={Artificial organs},
  volume={31},
  number={2},
  pages={114-125},
  year={2007},
  publisher={Wiley Online Library}
}

@article{lim2008noninvasive,
  title={Noninvasive average flow and differential pressure estimation for an implantable rotary blood pump using dimensional analysis},
  author={Lim, Einly and Karantonis, Dean M and Reizes, John A and Cloherty, Shaun L and Mason, David G and Lovell, Nigel H},
  journal={IEEE Transactions on Biomedical Engineering},
  volume={55},
  number={8},
  pages={2094-2101},
  year={2008},
  publisher={IEEE}
}

@article{alomari2009non,
  title={Non-invasive estimation of pulsatile flow and differential pressure in an implantable rotary blood pump for heart failure patients},
  author={AlOmari, AH and Savkin, AV and Karantonis, DM and Lim, E and Lovell, NH},
  journal={Physiological measurement},
  volume={30},
  number={4},
  pages={1-16},
  year={2009},
  publisher={IOP Publishing}
}

@article{yoshizawa2002sensorless,
  title={Sensorless estimation of pressure head and flow of a continuous flow artificial heart based on input power and rotational speed},
  author={Yoshizawa, Makoto and Sato, Tsutomu and Tanaka, Akira and Abe, Ken-ichi and Takeda, Hiroshi and Yambe, Tomoyuki and Nitta, Shin-ichi and Nos{\'e}, Yukihiko},
  journal={ASAIO journal},
  volume={48},
  number={4},
  pages={443-448},
  year={2002},
  publisher={LWW}
}

@book{draper2014applied,
  title={Applied regression analysis},
  author={Draper, Norman R and Smith, Harry},
  year={2014},
  publisher={John Wiley \& Sons}
}

@article{smith2005experimentally,
  title={Experimentally verified minimal cardiovascular system model for rapid diagnostic assistance},
  author={Smith, Bram W and Chase, J Geoffrey and Shaw, Geoffrey M and Nokes, Roger I},
  journal={Control engineering practice},
  volume={13},
  number={9},
  pages={1183-1193},
  year={2005},
  publisher={Elsevier}
}

@article{horowitz1986,
  title={ÐÑÐºÑÑÑÑÐ²Ð¾ ÑÑÐµÐ¼Ð¾ÑÐµÑÐ½Ð¸ÐºÐ¸},
  author={Ð¥Ð¾ÑÐ¾Ð²Ð¸Ñ, ÐÐ°ÑÐ»Ñ and Ð¥Ð¸Ð»Ð», Ð£Ð¸Ð½ÑÐ¸Ð»Ð´},
  year={1986},
  publisher={ÐÐ¸Ñ}
}

@article{reul2000blood,
  title={Blood pumps for circulatory support},
  author={Reul, Helmut M and Akdis, Mustafa},
  journal={Perfusion},
  volume={15},
  number={4},
  pages={295-311},
  year={2000},
  publisher={Sage Publications Sage CA: Thousand Oaks, CA}
}

@article{debakey2000odyssey,
  title={The odyssey of the artificial heart},
  author={DeBakey, Michael E},
  journal={Artificial organs},
  volume={24},
  number={6},
  pages={405-411},
  year={2000},
  publisher={Wiley Online Library}
}

@incollection{frazier2017invited,
  title={Invited Lecture <<Pioneering the Future: From Transplant to Device Development>>},
  author={Frazier, OH},
  booktitle={Mechanical Circulatory Support in End-Stage Heart Failure},
  pages={1-9},
  year={2017},
  publisher={Springer}
}

@article{nose1998design,
  title={Design and development strategy for the rotary blood pump},
  author={Nose, Yukihiko},
  journal={Artificial Organs},
  volume={22},
  number={6},
  pages={438-446},
  year={1998},
  publisher={Wiley Online Library}
}

@Inbook{Loforte2017,
author="Loforte, Antonio
and Careddu, Lucio
and Angeli, Emanuela
and Ragni, Luca
and Gargiulo, Gaetano
and Ford, Rodger G.",
title="ReliantHeart: Forward Compatibility and TET",
bookTitle="Mechanical Circulatory Support in End-Stage Heart Failure",
year="2017",
publisher="Springer",
pages="569-580",
abstract="ReliantHeart (ReliantHeart Inc., Houston, TX, USA) HeartAssist5 (HA5) left ventricular assist device (LVAD) system is a miniaturized, implantable, second-generation axial-flow pump capable of long-term circulatory support in patients with end-stage heart failure. The device results to be the first continuous-flow LVAD ever implanted in human being. This compact axial-flow pump has been in development since 1988 named as MicroMed DeBakey [1] (MicroMed Cardiovascular Inc., Houston, TX, USA) whose design belongs to the second-generation pump category [2, 3].",
doi="10.1007/978-3-319-43383-7_54",
}

@article{daners2017left,
  title={Left Ventricular Assist Devices: Challenges Toward Sustaining Long-Term Patient Care},
  author={Daners, Marianne Schmid and Kaufmann, Friedrich and Amacher, Raffael and Ochsner, Gregor and Wilhelm, Markus J and Ferrari, Aldo and Mazza, Edoardo and Poulikakos, Dimos and Meboldt, Mirko and Falk, Volkmar},
  journal={Annals of Biomedical Engineering},
  pages={1-16},
  year={2017},
  publisher={Springer}
}

@online{bakulev_ru,
title = {Ð¢ÑÐ°Ð½ÑÐ¿Ð»Ð°ÑÐ°ÑÐ¸Ñ ÑÐµÑÐ´ÑÐ°},
year = {2017},
url = {http://www.bakulev.ru/cyclo/detail.php?ID=39221},
urldate = {2017-22-11}
}

@online{lvad_ru,
author = {{ÐÐ ÐÐÐ¢Ð¦}},
title = {ÐÐ¿Ð¿Ð°ÑÐ°Ñ Ð´Ð»Ñ ÑÐµÑÐ´ÑÐ° Ð¡Ð¿ÑÑÐ½Ð¸Ðº},
year = {2017},
url = {http://lvad.ru/},
urldate = {2017-22-11}
}

@article{kirklin2015seventh,
  title={Seventh INTERMACS annual report: 15,000 patients and counting},
  author={Kirklin, James K and Naftel, David C and Pagani, Francis D and Kormos, Robert L and Stevenson, Lynne W and Blume, Elizabeth D and Myers, Susan L and Miller, Marissa A and Baldwin, J Timothy and Young, James B},
  journal={The Journal of Heart and Lung Transplantation},
  volume={34},
  number={12},
  pages={1495-1504},
  year={2015},
  publisher={Elsevier}
}

@article{transpl_ru,
  title={ÐÑÐ³Ð°Ð½Ð½Ð¾Ðµ Ð´Ð¾Ð½Ð¾ÑÑÑÐ²Ð¾ Ð¸ ÑÑÐ°Ð½ÑÐ¿Ð»Ð°Ð½ÑÐ°ÑÐ¸Ñ Ð² Ð Ð¾ÑÑÐ¸Ð¹ÑÐºÐ¾Ð¹ Ð¤ÐµÐ´ÐµÑÐ°ÑÐ¸Ð¸ Ð² 2012 Ð³Ð¾Ð´Ñ (V ÑÐ¾Ð¾Ð±ÑÐµÐ½Ð¸Ðµ ÑÐµÐ³Ð¸ÑÑÑÐ° Ð Ð¾ÑÑÐ¸Ð¹ÑÐºÐ¾Ð³Ð¾ ÑÑÐ°Ð½ÑÐ¿Ð»Ð°Ð½ÑÐ¾Ð»Ð¾Ð³Ð¸ÑÐµÑÐºÐ¾Ð³Ð¾ Ð¾Ð±ÑÐµÑÑÐ²Ð°)},
  author={ÐÐ¾ÑÑÐµ, Ð¡ÐµÑÐ³ÐµÐ¹ ÐÐ»Ð°Ð´Ð¸Ð¼Ð¸ÑÐ¾Ð²Ð¸Ñ and ÐÐ¾Ð¹ÑÑÐº, Ð¯Ð½ ÐÐµÐ½Ð½Ð°Ð´ÑÐµÐ²Ð¸Ñ and Ð¥Ð¾Ð¼ÑÐºÐ¾Ð², Ð¡ÐµÑÐ³ÐµÐ¹ ÐÐ¸ÑÐ°Ð¹Ð»Ð¾Ð²Ð¸Ñ},
  journal={ÐÐµÑÑÐ½Ð¸Ðº ÑÑÐ°Ð½ÑÐ¿Ð»Ð°Ð½ÑÐ¾Ð»Ð¾Ð³Ð¸Ð¸ Ð¸ Ð¸ÑÐºÑÑÑÑÐ²ÐµÐ½Ð½ÑÑ Ð¾ÑÐ³Ð°Ð½Ð¾Ð²},
  volume={15},
  number={2},
  pages={8-22},
  year={2014}
}

@inproceedings{molina2013current,
  title={Current status of left ventricular assist device technology},
  author={Molina, Ezequiel J and Boyce, Steven W},
  booktitle={Seminars in thoracic and cardiovascular surgery},
  volume={25},
  number={1},
  pages={56-63},
  year={2013},
  organization={Elsevier}
}

@article{ponikowski2014heart,
  title={Heart failure: preventing disease and death worldwide},
  author={Ponikowski, Piotr and Anker, Stefan D and AlHabib, Khalid F and Cowie, Martin R and Force, Thomas L and Hu, Shengshou and Jaarsma, Tiny and Krum, Henry and Rastogi, Vishal and Rohde, Luis E and others},
  journal={ESC Heart Failure},
  volume={1},
  number={1},
  pages={4-25},
  year={2014},
  publisher={Wiley Online Library}
}

@article{wong2014epidemiological,
  title={Epidemiological studies of CHD and the evolution of preventive cardiology},
  author={Wong, Nathan D},
  journal={Nature Reviews Cardiology},
  volume={11},
  number={5},
  pages={276-289},
  year={2014},
  publisher={Nature Research}
}

@article{starling2011potential,
  title={Potential population for long-term use of left ventricular assist devices},
  author={Starling, RC and Gorodeski, EZ},
  journal={Mechanical Circulatory Support: A Companion to Braunwald's Heart Disease},
  year={2011}
}

@article{intermacs2017,
title = "Eighth annual INTERMACS report: Special focus on framing the impact of adverse events",
journal = "The Journal of Heart and Lung Transplantation",
volume = "36",
number = "10",
pages = "1080-1086",
year = "2017",
issn = "1053-2498",
doi = "https://doi.org/10.1016/j.healun.2017.07.005",
author = "James K. Kirklin and Francis D. Pagani and Robert L. Kormos and Lynne W. Stevenson and Elizabeth D. Blume and Susan L. Myers and Marissa A. Miller and J. Timothy Baldwin and James B. Young and David C. Naftel",
keywords = "advanced heart failure, destination therapy, INTERMACS, mechanical support, ventricular assist device"
}

